<?xml version="1.0" encoding="UTF-8" ?>
<OAI-PMH  xmlns="http://www.openarchives.org/OAI/2.0/"
 xmlns:xsi="http://www.w3.org/2001/XMLSchema-instance" 
 xmlns:marc="info:lc/xmlns/marcxchange-v1" 
 xmlns:dc="http://purl.org/dc/elements/1.1/" 
 xmlns:dcterms="http://purl.org/dc/terms/" 
 xmlns:agls="http://www.naa.gov.au/recordkeeping/gov_online/agls/1.2" 
 xmlns:ags="http://purl.org/agmes/1.1/" 
 xmlns:oai_dc="http://www.openarchives.org/OAI/2.0/oai_dc/" 
 xsi:schemaLocation="http://www.openarchives.org/OAI/2.0/ 
                       http://www.openarchives.org/OAI/2.0/OAI-PMH.xsd 
                       info:lc/xmlns/marcxchange-v1 
                       http://www.loc.gov/standards/iso25577/marcxchange-1-1.xsd 
                       http://www.openarchives.org/OAI/2.0/oai_dc/ 
                       http://www.openarchives.org/OAI/2.0/oai_dc.xsd"> 
  <responseDate>2015-07-12T21:59:02Z</responseDate>
<request verb="ListRecords"  from="2015-07-11" until="2015-07-11" metadataPrefix="marcxchange">http://oai.bibsys.no/oai2/repository</request>
<ListRecords>
<record>
<header>
 <identifier>oai:bibsys.no:collection:biblioholding:98218834x</identifier>
 <datestamp>2015-07-10T21:09:39Z</datestamp>
<setSpec>urealSamling42</setSpec>
</header>
<metadata>
<marc:collection>
	<marc:record format="MARC21" type="Bibliographic"  xmlns:marc="info:lc/xmlns/marcxchange-v1">
		<marc:leader>99999cam a2299999 u 4500</marc:leader>
		<marc:controlfield tag="001">98218834x</marc:controlfield>
		<marc:controlfield tag="003">NO-TrBIB</marc:controlfield>
		<marc:controlfield tag="005">20150710210939.0</marc:controlfield>
		<marc:controlfield tag="007">ta</marc:controlfield>
		<marc:controlfield tag="008">150710s1998    xx#|||||||||||000|u|nob| </marc:controlfield>
		<marc:datafield tag="015" ind1=" " ind2=" ">
			<marc:subfield code="a">9906972</marc:subfield>
			<marc:subfield code="2">nbf</marc:subfield>
		</marc:datafield>
		<marc:datafield tag="020" ind1=" " ind2=" ">
			<marc:subfield code="a">8200424421</marc:subfield>
			<marc:subfield code="q">h.</marc:subfield>
			<marc:subfield code="c">Nkr 98.00</marc:subfield>
		</marc:datafield>
		<marc:datafield tag="035" ind1=" " ind2=" ">
			<marc:subfield code="a">(NO-TrBIB)98218834x</marc:subfield>
		</marc:datafield>
		<marc:datafield tag="040" ind1=" " ind2=" ">
			<marc:subfield code="a">NO-OsNB</marc:subfield>
			<marc:subfield code="b">nob</marc:subfield>
			<marc:subfield code="e">katreg</marc:subfield>
		</marc:datafield>
		<marc:datafield tag="042" ind1=" " ind2=" ">
			<marc:subfield code="a">norbibl</marc:subfield>
		</marc:datafield>
		<marc:datafield tag="044" ind1=" " ind2=" ">
			<marc:subfield code="c">no</marc:subfield>
		</marc:datafield>
		<marc:datafield tag="060" ind1="1" ind2="4">
			<marc:subfield code="a">Q</marc:subfield>
		</marc:datafield>
		<marc:datafield tag="080" ind1=" " ind2=" ">
			<marc:subfield code="a">001.3</marc:subfield>
		</marc:datafield>
		<marc:datafield tag="082" ind1="7" ind2="4">
			<marc:subfield code="a">070.4</marc:subfield>
			<marc:subfield code="q">NO-OsNB</marc:subfield>
			<marc:subfield code="2">4/nor</marc:subfield>
		</marc:datafield>
		<marc:datafield tag="084" ind1=" " ind2=" ">
			<marc:subfield code="a">Fa:10</marc:subfield>
			<marc:subfield code="2">utk</marc:subfield>
		</marc:datafield>
		<marc:datafield tag="084" ind1=" " ind2=" ">
			<marc:subfield code="a">Fa:38</marc:subfield>
			<marc:subfield code="2">utk</marc:subfield>
		</marc:datafield>
		<marc:datafield tag="092" ind1=" " ind2=" ">
			<marc:subfield code="a">070.1</marc:subfield>
			<marc:subfield code="q">NoBeU</marc:subfield>
			<marc:subfield code="9">LOCAL</marc:subfield>
			<marc:subfield code="BIBLIOTEK">d</marc:subfield>
		</marc:datafield>
		<marc:datafield tag="092" ind1=" " ind2=" ">
			<marc:subfield code="a">070.4490014</marc:subfield>
			<marc:subfield code="9">LOCAL</marc:subfield>
			<marc:subfield code="BIBLIOTEK">ud</marc:subfield>
		</marc:datafield>
		<marc:datafield tag="092" ind1=" " ind2=" ">
			<marc:subfield code="a">070.4495</marc:subfield>
			<marc:subfield code="9">LOCAL</marc:subfield>
			<marc:subfield code="BIBLIOTEK">um</marc:subfield>
		</marc:datafield>
		<marc:datafield tag="092" ind1=" " ind2=" ">
			<marc:subfield code="a">507</marc:subfield>
			<marc:subfield code="9">LOCAL</marc:subfield>
			<marc:subfield code="BIBLIOTEK">un</marc:subfield>
		</marc:datafield>
		<marc:datafield tag="092" ind1=" " ind2=" ">
			<marc:subfield code="a">070.4495</marc:subfield>
			<marc:subfield code="9">LOCAL</marc:subfield>
			<marc:subfield code="BIBLIOTEK">ur</marc:subfield>
		</marc:datafield>
		<marc:datafield tag="092" ind1=" " ind2=" ">
			<marc:subfield code="a">070.44</marc:subfield>
			<marc:subfield code="9">LOCAL</marc:subfield>
			<marc:subfield code="BIBLIOTEK">ur</marc:subfield>
		</marc:datafield>
		<marc:datafield tag="092" ind1=" " ind2=" ">
			<marc:subfield code="a">070.4495</marc:subfield>
			<marc:subfield code="9">LOCAL</marc:subfield>
			<marc:subfield code="BIBLIOTEK">uv</marc:subfield>
		</marc:datafield>
		<marc:datafield tag="092" ind1=" " ind2=" ">
			<marc:subfield code="a">070.4</marc:subfield>
			<marc:subfield code="9">LOCAL</marc:subfield>
			<marc:subfield code="BIBLIOTEK">up</marc:subfield>
		</marc:datafield>
		<marc:datafield tag="092" ind1=" " ind2=" ">
			<marc:subfield code="a">302.234</marc:subfield>
			<marc:subfield code="9">LOCAL</marc:subfield>
			<marc:subfield code="BIBLIOTEK">xh</marc:subfield>
		</marc:datafield>
		<marc:datafield tag="092" ind1=" " ind2=" ">
			<marc:subfield code="a">070.4</marc:subfield>
			<marc:subfield code="9">LOCAL</marc:subfield>
			<marc:subfield code="BIBLIOTEK">xn</marc:subfield>
		</marc:datafield>
		<marc:datafield tag="092" ind1=" " ind2=" ">
			<marc:subfield code="a">302.234</marc:subfield>
			<marc:subfield code="9">LOCAL</marc:subfield>
			<marc:subfield code="BIBLIOTEK">xs</marc:subfield>
		</marc:datafield>
		<marc:datafield tag="092" ind1=" " ind2=" ">
			<marc:subfield code="a">070.4</marc:subfield>
			<marc:subfield code="9">LOCAL</marc:subfield>
			<marc:subfield code="BIBLIOTEK">xc</marc:subfield>
		</marc:datafield>
		<marc:datafield tag="092" ind1=" " ind2=" ">
			<marc:subfield code="a">070.4495</marc:subfield>
			<marc:subfield code="9">LOCAL</marc:subfield>
			<marc:subfield code="BIBLIOTEK">c</marc:subfield>
		</marc:datafield>
		<marc:datafield tag="097" ind1=" " ind2=" ">
			<marc:subfield code="a">fa2504</marc:subfield>
			<marc:subfield code="9">LOCAL</marc:subfield>
			<marc:subfield code="BIBLIOTEK">k</marc:subfield>
		</marc:datafield>
		<marc:datafield tag="100" ind1="1" ind2=" ">
			<marc:subfield code="a">Ystenes, Martin</marc:subfield>
			<marc:subfield code="0">(NO-TrBIB)x90147887</marc:subfield>
		</marc:datafield>
		<marc:datafield tag="245" ind1="1" ind2="0">
			<marc:subfield code="a">Sprøytvarsel :</marc:subfield>
			<marc:subfield code="b">vitenskapelige feil og antivitenskapelig tøv i media</marc:subfield>
			<marc:subfield code="c">Martin Ystenes</marc:subfield>
		</marc:datafield>
		<marc:datafield tag="260" ind1=" " ind2=" ">
			<marc:subfield code="a">Oslo</marc:subfield>
			<marc:subfield code="b">Universitetsforl.</marc:subfield>
			<marc:subfield code="c">1998</marc:subfield>
		</marc:datafield>
		<marc:datafield tag="300" ind1=" " ind2=" ">
			<marc:subfield code="a">82 s.</marc:subfield>
		</marc:datafield>
		<marc:datafield tag="500" ind1=" " ind2=" ">
			<marc:subfield code="a">"Boken Sprøytvarsel baserer seg i hovedsak på oppslag som har vært publisert på internettspalten Sprøytvarsleren ..." - Forordet</marc:subfield>
		</marc:datafield>
		<marc:datafield tag="650" ind1=" " ind2="2">
			<marc:subfield code="a">Communications Media</marc:subfield>
		</marc:datafield>
		<marc:datafield tag="650" ind1=" " ind2="2">
			<marc:subfield code="a">Medical Errors</marc:subfield>
		</marc:datafield>
		<marc:datafield tag="650" ind1=" " ind2="2">
			<marc:subfield code="a">Science</marc:subfield>
		</marc:datafield>
		<marc:datafield tag="650" ind1=" " ind2="2">
			<marc:subfield code="a">Research</marc:subfield>
		</marc:datafield>
		<marc:datafield tag="650" ind1=" " ind2="7">
			<marc:subfield code="a">Vitenskapelig forklaring</marc:subfield>
			<marc:subfield code="2">humord</marc:subfield>
		</marc:datafield>
		<marc:datafield tag="650" ind1=" " ind2="7">
			<marc:subfield code="a">Journalistikk</marc:subfield>
			<marc:subfield code="2">humord</marc:subfield>
		</marc:datafield>
		<marc:datafield tag="650" ind1=" " ind2="7">
			<marc:subfield code="a">Vitenskap og samfunn</marc:subfield>
			<marc:subfield code="2">tekord</marc:subfield>
		</marc:datafield>
		<marc:datafield tag="653" ind1=" " ind2=" ">
			<marc:subfield code="a">massemedier</marc:subfield>
		</marc:datafield>
		<marc:datafield tag="653" ind1=" " ind2=" ">
			<marc:subfield code="a">vitenskap</marc:subfield>
		</marc:datafield>
		<marc:datafield tag="653" ind1=" " ind2=" ">
			<marc:subfield code="a">feil</marc:subfield>
		</marc:datafield>
		<marc:datafield tag="653" ind1=" " ind2=" ">
			<marc:subfield code="a">journalistikk</marc:subfield>
		</marc:datafield>
		<marc:datafield tag="653" ind1=" " ind2=" ">
			<marc:subfield code="a">naturvitenskap</marc:subfield>
		</marc:datafield>
		<marc:datafield tag="653" ind1=" " ind2=" ">
			<marc:subfield code="a">samfunn</marc:subfield>
		</marc:datafield>
		<marc:datafield tag="653" ind1=" " ind2=" ">
			<marc:subfield code="a">kvasivitenskap</marc:subfield>
		</marc:datafield>
		<marc:datafield tag="653" ind1=" " ind2=" ">
			<marc:subfield code="a">psevdovitenskap</marc:subfield>
		</marc:datafield>
		<marc:datafield tag="653" ind1=" " ind2=" ">
			<marc:subfield code="a">vitskap</marc:subfield>
		</marc:datafield>
		<marc:datafield tag="653" ind1=" " ind2=" ">
			<marc:subfield code="a">forsking</marc:subfield>
		</marc:datafield>
		<marc:datafield tag="653" ind1=" " ind2=" ">
			<marc:subfield code="a">kildekritikk</marc:subfield>
		</marc:datafield>
		<marc:datafield tag="690" ind1=" " ind2=" ">
			<marc:subfield code="a">Forskningsjournalistikk</marc:subfield>
			<marc:subfield code="9">LOCAL</marc:subfield>
			<marc:subfield code="BIBLIOTEK">ud</marc:subfield>
		</marc:datafield>
		<marc:datafield tag="776" ind1="0" ind2=" ">
			<marc:subfield code="w">(NO-TrBIB)101242735</marc:subfield>
		</marc:datafield>
		<marc:datafield tag="856" ind1="4" ind2="2">
			<marc:subfield code="3">Beskrivelse fra Forlagssentralen</marc:subfield>
			<marc:subfield code="u">http://content.bibsys.no/content/?type=descr_forlagssentr&amp;isbn=8200424421</marc:subfield>
		</marc:datafield>
		<marc:datafield tag="901" ind1=" " ind2=" ">
			<marc:subfield code="a">90</marc:subfield>
		</marc:datafield>
		<marc:datafield tag="913" ind1=" " ind2=" ">
			<marc:subfield code="a">Norbok</marc:subfield>
			<marc:subfield code="b">NB</marc:subfield>
		</marc:datafield>
	</marc:record>
	<marc:record format="MARC21" type="Holdings"  xmlns:marc="info:lc/xmlns/marcxchange-v1">
		<marc:leader>99999nx  a2299999ui 4500</marc:leader>
		<marc:controlfield tag="001">98ur07542</marc:controlfield>
		<marc:controlfield tag="004">98218834x</marc:controlfield>
		<marc:controlfield tag="007">ta</marc:controlfield>
		<marc:controlfield tag="008">1507120p||||||||4   uu</marc:controlfield>
		<marc:controlfield tag="009">kat</marc:controlfield>
		<marc:datafield tag="014" ind1="1" ind2=" ">
			<marc:subfield code="a">98218834x</marc:subfield>
			<marc:subfield code="b">(NO-TrBIB)</marc:subfield>
		</marc:datafield>
		<marc:datafield tag="852" ind1=" " ind2=" ">
			<marc:subfield code="a">UBIS</marc:subfield>
			<marc:subfield code="b">UBIS</marc:subfield>
			<marc:subfield code="c">UBIS</marc:subfield>
			<marc:subfield code="h">070.4495 YST</marc:subfield>
		</marc:datafield>
		<marc:datafield tag="859" ind1=" " ind2=" ">
			<marc:subfield code="a">UBIS</marc:subfield>
			<marc:subfield code="b">UBIS</marc:subfield>
			<marc:subfield code="c">070.4495 YST</marc:subfield>
			<marc:subfield code="f">7</marc:subfield>
			<marc:subfield code="h">0</marc:subfield>
			<marc:subfield code="x">2015-07-12</marc:subfield>
		</marc:datafield>
		<marc:datafield tag="876" ind1=" " ind2=" ">
			<marc:subfield code="a">98ur07542</marc:subfield>
			<marc:subfield code="d">19981218</marc:subfield>
			<marc:subfield code="j">kat</marc:subfield>
			<marc:subfield code="p">98ur07542</marc:subfield>
		</marc:datafield>
	</marc:record>
	<marc:record format="MARC21" type="Holdings"  xmlns:marc="info:lc/xmlns/marcxchange-v1">
		<marc:leader>99999nx  a2299999ui 4500</marc:leader>
		<marc:controlfield tag="001">00yw00017</marc:controlfield>
		<marc:controlfield tag="004">98218834x</marc:controlfield>
		<marc:controlfield tag="007">ta</marc:controlfield>
		<marc:controlfield tag="008">1507120|||||||||4   bu</marc:controlfield>
		<marc:controlfield tag="009">kat</marc:controlfield>
		<marc:datafield tag="014" ind1="1" ind2=" ">
			<marc:subfield code="a">98218834x</marc:subfield>
			<marc:subfield code="b">(NO-TrBIB)</marc:subfield>
		</marc:datafield>
		<marc:datafield tag="852" ind1=" " ind2=" ">
			<marc:subfield code="a">UBIS</marc:subfield>
			<marc:subfield code="b">UBIS</marc:subfield>
			<marc:subfield code="c">UBIS/PORS Kontorplas</marc:subfield>
			<marc:subfield code="h">070.44 Y</marc:subfield>
			<marc:subfield code="z">(Kun til intern bruk)</marc:subfield>
		</marc:datafield>
		<marc:datafield tag="859" ind1=" " ind2=" ">
			<marc:subfield code="a">UBIS</marc:subfield>
			<marc:subfield code="b">UBIS/PORS Kontorplas</marc:subfield>
			<marc:subfield code="c">070.44 Y</marc:subfield>
			<marc:subfield code="f">2</marc:subfield>
			<marc:subfield code="h">0</marc:subfield>
			<marc:subfield code="x">2015-07-12</marc:subfield>
		</marc:datafield>
		<marc:datafield tag="876" ind1=" " ind2=" ">
			<marc:subfield code="a">00yw00017</marc:subfield>
			<marc:subfield code="j">kat</marc:subfield>
			<marc:subfield code="p">00yw00017</marc:subfield>
		</marc:datafield>
	</marc:record>
	<marc:record format="MARC21" type="Holdings"  xmlns:marc="info:lc/xmlns/marcxchange-v1">
		<marc:leader>99999nx  a2299999ui 4500</marc:leader>
		<marc:controlfield tag="001">00c003132</marc:controlfield>
		<marc:controlfield tag="004">98218834x</marc:controlfield>
		<marc:controlfield tag="007">ta</marc:controlfield>
		<marc:controlfield tag="008">1507120l||||||||4   uu</marc:controlfield>
		<marc:controlfield tag="009">kat</marc:controlfield>
		<marc:datafield tag="014" ind1="1" ind2=" ">
			<marc:subfield code="a">98218834x</marc:subfield>
			<marc:subfield code="b">(NO-TrBIB)</marc:subfield>
		</marc:datafield>
		<marc:datafield tag="852" ind1=" " ind2=" ">
			<marc:subfield code="a">UIT-UB</marc:subfield>
			<marc:subfield code="b">UBT/KS</marc:subfield>
			<marc:subfield code="c">UBT/KS mag3</marc:subfield>
			<marc:subfield code="h">59680</marc:subfield>
			<marc:subfield code="x">bos</marc:subfield>
		</marc:datafield>
		<marc:datafield tag="859" ind1=" " ind2=" ">
			<marc:subfield code="a">UBT/KS</marc:subfield>
			<marc:subfield code="b">UBT/KS mag3</marc:subfield>
			<marc:subfield code="c">59680</marc:subfield>
			<marc:subfield code="f">7</marc:subfield>
			<marc:subfield code="h">0</marc:subfield>
			<marc:subfield code="x">2015-07-12</marc:subfield>
		</marc:datafield>
		<marc:datafield tag="876" ind1=" " ind2=" ">
			<marc:subfield code="a">00c003132</marc:subfield>
			<marc:subfield code="d">20000331</marc:subfield>
			<marc:subfield code="j">kat</marc:subfield>
			<marc:subfield code="p">00c003132</marc:subfield>
		</marc:datafield>
	</marc:record>
	<marc:record format="MARC21" type="Holdings"  xmlns:marc="info:lc/xmlns/marcxchange-v1">
		<marc:leader>99999nx  a2299999ui 4500</marc:leader>
		<marc:controlfield tag="001">99up01706</marc:controlfield>
		<marc:controlfield tag="004">98218834x</marc:controlfield>
		<marc:controlfield tag="007">ta</marc:controlfield>
		<marc:controlfield tag="008">1507120p||||||||4   uu</marc:controlfield>
		<marc:controlfield tag="009">kat</marc:controlfield>
		<marc:datafield tag="014" ind1="1" ind2=" ">
			<marc:subfield code="a">98218834x</marc:subfield>
			<marc:subfield code="b">(NO-TrBIB)</marc:subfield>
		</marc:datafield>
		<marc:datafield tag="852" ind1=" " ind2=" ">
			<marc:subfield code="a">HH</marc:subfield>
			<marc:subfield code="b">HH/ELV</marc:subfield>
			<marc:subfield code="c">HH/Elv</marc:subfield>
			<marc:subfield code="h">070.4 Yst</marc:subfield>
		</marc:datafield>
		<marc:datafield tag="859" ind1=" " ind2=" ">
			<marc:subfield code="a">HH/ELV</marc:subfield>
			<marc:subfield code="b">HH/Elv</marc:subfield>
			<marc:subfield code="c">070.4 Yst</marc:subfield>
			<marc:subfield code="f">7</marc:subfield>
			<marc:subfield code="h">0</marc:subfield>
			<marc:subfield code="x">2015-07-12</marc:subfield>
		</marc:datafield>
		<marc:datafield tag="876" ind1=" " ind2=" ">
			<marc:subfield code="a">99up01706</marc:subfield>
			<marc:subfield code="d">19990317</marc:subfield>
			<marc:subfield code="j">kat</marc:subfield>
			<marc:subfield code="p">99up01706</marc:subfield>
		</marc:datafield>
	</marc:record>
	<marc:record format="MARC21" type="Holdings"  xmlns:marc="info:lc/xmlns/marcxchange-v1">
		<marc:leader>99999nx  a2299999ui 4500</marc:leader>
		<marc:controlfield tag="001">99d068805</marc:controlfield>
		<marc:controlfield tag="004">98218834x</marc:controlfield>
		<marc:controlfield tag="007">ta</marc:controlfield>
		<marc:controlfield tag="008">1507120l||||||||4   uu</marc:controlfield>
		<marc:controlfield tag="009">kat</marc:controlfield>
		<marc:datafield tag="014" ind1="1" ind2=" ">
			<marc:subfield code="a">98218834x</marc:subfield>
			<marc:subfield code="b">(NO-TrBIB)</marc:subfield>
		</marc:datafield>
		<marc:datafield tag="852" ind1=" " ind2=" ">
			<marc:subfield code="a">UBB</marc:subfield>
			<marc:subfield code="b">UBB/DEP</marc:subfield>
			<marc:subfield code="c">UBBDEP</marc:subfield>
			<marc:subfield code="h">070.1 Yst</marc:subfield>
		</marc:datafield>
		<marc:datafield tag="859" ind1=" " ind2=" ">
			<marc:subfield code="a">UBB/DEP</marc:subfield>
			<marc:subfield code="b">UBBDEP</marc:subfield>
			<marc:subfield code="c">070.1 Yst</marc:subfield>
			<marc:subfield code="f">7</marc:subfield>
			<marc:subfield code="h">0</marc:subfield>
			<marc:subfield code="x">2015-07-12</marc:subfield>
		</marc:datafield>
		<marc:datafield tag="876" ind1=" " ind2=" ">
			<marc:subfield code="a">99d068805</marc:subfield>
			<marc:subfield code="d">19991116</marc:subfield>
			<marc:subfield code="j">kat</marc:subfield>
			<marc:subfield code="p">99d068805</marc:subfield>
		</marc:datafield>
	</marc:record>
	<marc:record format="MARC21" type="Holdings"  xmlns:marc="info:lc/xmlns/marcxchange-v1">
		<marc:leader>99999nx  a2299999ui 4500</marc:leader>
		<marc:controlfield tag="001">98xs07638</marc:controlfield>
		<marc:controlfield tag="004">98218834x</marc:controlfield>
		<marc:controlfield tag="007">ta</marc:controlfield>
		<marc:controlfield tag="008">1507120p||||||||4   uu</marc:controlfield>
		<marc:controlfield tag="009">kat</marc:controlfield>
		<marc:datafield tag="014" ind1="1" ind2=" ">
			<marc:subfield code="a">98218834x</marc:subfield>
			<marc:subfield code="b">(NO-TrBIB)</marc:subfield>
		</marc:datafield>
		<marc:datafield tag="852" ind1=" " ind2=" ">
			<marc:subfield code="a">HSF</marc:subfield>
			<marc:subfield code="b">HISF/FØR</marc:subfield>
			<marc:subfield code="c">HiSF/Førde</marc:subfield>
			<marc:subfield code="h">302.234 YST</marc:subfield>
		</marc:datafield>
		<marc:datafield tag="859" ind1=" " ind2=" ">
			<marc:subfield code="a">HISF/FØR</marc:subfield>
			<marc:subfield code="b">HiSF/Førde</marc:subfield>
			<marc:subfield code="c">302.234 YST</marc:subfield>
			<marc:subfield code="f">7</marc:subfield>
			<marc:subfield code="h">0</marc:subfield>
			<marc:subfield code="x">2015-07-12</marc:subfield>
		</marc:datafield>
		<marc:datafield tag="876" ind1=" " ind2=" ">
			<marc:subfield code="a">98xs07638</marc:subfield>
			<marc:subfield code="d">19981230</marc:subfield>
			<marc:subfield code="j">kat</marc:subfield>
			<marc:subfield code="p">98xs07638</marc:subfield>
		</marc:datafield>
	</marc:record>
	<marc:record format="MARC21" type="Holdings"  xmlns:marc="info:lc/xmlns/marcxchange-v1">
		<marc:leader>99999nx  a2299999ui 4500</marc:leader>
		<marc:controlfield tag="001">98sa19666</marc:controlfield>
		<marc:controlfield tag="004">98218834x</marc:controlfield>
		<marc:controlfield tag="007">ta</marc:controlfield>
		<marc:controlfield tag="008">1507120l||||||||4   bu</marc:controlfield>
		<marc:controlfield tag="009">kat</marc:controlfield>
		<marc:datafield tag="014" ind1="1" ind2=" ">
			<marc:subfield code="a">98218834x</marc:subfield>
			<marc:subfield code="b">(NO-TrBIB)</marc:subfield>
		</marc:datafield>
		<marc:datafield tag="852" ind1=" " ind2=" ">
			<marc:subfield code="a">NB</marc:subfield>
			<marc:subfield code="b">NB/BEV</marc:subfield>
			<marc:subfield code="c">NB/BEV</marc:subfield>
			<marc:subfield code="h">-</marc:subfield>
		</marc:datafield>
		<marc:datafield tag="859" ind1=" " ind2=" ">
			<marc:subfield code="a">NB/BEV</marc:subfield>
			<marc:subfield code="b">NB/BEV</marc:subfield>
			<marc:subfield code="f">2</marc:subfield>
			<marc:subfield code="h">0</marc:subfield>
			<marc:subfield code="x">2015-07-12</marc:subfield>
		</marc:datafield>
		<marc:datafield tag="876" ind1=" " ind2=" ">
			<marc:subfield code="a">98sa19666</marc:subfield>
			<marc:subfield code="d">19990120</marc:subfield>
			<marc:subfield code="j">kat</marc:subfield>
			<marc:subfield code="p">98sa19666</marc:subfield>
		</marc:datafield>
	</marc:record>
	<marc:record format="MARC21" type="Holdings"  xmlns:marc="info:lc/xmlns/marcxchange-v1">
		<marc:leader>99999nx  a2299999ui 4500</marc:leader>
		<marc:controlfield tag="001">99yu00205</marc:controlfield>
		<marc:controlfield tag="004">98218834x</marc:controlfield>
		<marc:controlfield tag="007">ta</marc:controlfield>
		<marc:controlfield tag="008">1507120p||||||||4   uu</marc:controlfield>
		<marc:controlfield tag="009">kat</marc:controlfield>
		<marc:datafield tag="014" ind1="1" ind2=" ">
			<marc:subfield code="a">98218834x</marc:subfield>
			<marc:subfield code="b">(NO-TrBIB)</marc:subfield>
		</marc:datafield>
		<marc:datafield tag="852" ind1=" " ind2=" ">
			<marc:subfield code="a">NIFU</marc:subfield>
			<marc:subfield code="b">NIFU</marc:subfield>
			<marc:subfield code="c">NIFU</marc:subfield>
			<marc:subfield code="h">1.06 Yst</marc:subfield>
			<marc:subfield code="x">forsl/res HS</marc:subfield>
		</marc:datafield>
		<marc:datafield tag="859" ind1=" " ind2=" ">
			<marc:subfield code="a">NIFU</marc:subfield>
			<marc:subfield code="b">NIFU</marc:subfield>
			<marc:subfield code="c">1.06 Yst</marc:subfield>
			<marc:subfield code="f">7</marc:subfield>
			<marc:subfield code="h">0</marc:subfield>
			<marc:subfield code="x">2015-07-12</marc:subfield>
		</marc:datafield>
		<marc:datafield tag="876" ind1=" " ind2=" ">
			<marc:subfield code="a">99yu00205</marc:subfield>
			<marc:subfield code="d">19990219</marc:subfield>
			<marc:subfield code="j">kat</marc:subfield>
			<marc:subfield code="p">99yu00205</marc:subfield>
		</marc:datafield>
	</marc:record>
	<marc:record format="MARC21" type="Holdings"  xmlns:marc="info:lc/xmlns/marcxchange-v1">
		<marc:leader>99999nx  a2299999ui 4500</marc:leader>
		<marc:controlfield tag="001">98a018252</marc:controlfield>
		<marc:controlfield tag="004">98218834x</marc:controlfield>
		<marc:controlfield tag="007">ta</marc:controlfield>
		<marc:controlfield tag="008">1507120p||||||||4   uu</marc:controlfield>
		<marc:controlfield tag="009">kat</marc:controlfield>
		<marc:datafield tag="014" ind1="1" ind2=" ">
			<marc:subfield code="a">98218834x</marc:subfield>
			<marc:subfield code="b">(NO-TrBIB)</marc:subfield>
		</marc:datafield>
		<marc:datafield tag="852" ind1=" " ind2=" ">
			<marc:subfield code="a">NTNU-UB</marc:subfield>
			<marc:subfield code="b">NTNU/DOR</marc:subfield>
			<marc:subfield code="c">DORA</marc:subfield>
			<marc:subfield code="h">30974</marc:subfield>
			<marc:subfield code="x">tidligere plassering MARINBIB. sik</marc:subfield>
		</marc:datafield>
		<marc:datafield tag="859" ind1=" " ind2=" ">
			<marc:subfield code="a">NTNU/DOR</marc:subfield>
			<marc:subfield code="b">DORA</marc:subfield>
			<marc:subfield code="c">30974</marc:subfield>
			<marc:subfield code="f">7</marc:subfield>
			<marc:subfield code="h">0</marc:subfield>
			<marc:subfield code="x">2015-07-12</marc:subfield>
		</marc:datafield>
		<marc:datafield tag="876" ind1=" " ind2=" ">
			<marc:subfield code="a">98a018252</marc:subfield>
			<marc:subfield code="d">19990105</marc:subfield>
			<marc:subfield code="j">kat</marc:subfield>
			<marc:subfield code="p">98a018252</marc:subfield>
		</marc:datafield>
	</marc:record>
	<marc:record format="MARC21" type="Holdings"  xmlns:marc="info:lc/xmlns/marcxchange-v1">
		<marc:leader>99999nx  a2299999ui 4500</marc:leader>
		<marc:controlfield tag="001">99a000340</marc:controlfield>
		<marc:controlfield tag="004">98218834x</marc:controlfield>
		<marc:controlfield tag="007">ta</marc:controlfield>
		<marc:controlfield tag="008">1507120p||||||||4   uu</marc:controlfield>
		<marc:controlfield tag="009">kat</marc:controlfield>
		<marc:datafield tag="014" ind1="1" ind2=" ">
			<marc:subfield code="a">98218834x</marc:subfield>
			<marc:subfield code="b">(NO-TrBIB)</marc:subfield>
		</marc:datafield>
		<marc:datafield tag="852" ind1=" " ind2=" ">
			<marc:subfield code="a">NTNU-UB</marc:subfield>
			<marc:subfield code="b">NTNU/TEK</marc:subfield>
			<marc:subfield code="c">TEK Eske</marc:subfield>
			<marc:subfield code="h">858</marc:subfield>
		</marc:datafield>
		<marc:datafield tag="859" ind1=" " ind2=" ">
			<marc:subfield code="a">NTNU/TEK</marc:subfield>
			<marc:subfield code="b">TEK Eske</marc:subfield>
			<marc:subfield code="c">858</marc:subfield>
			<marc:subfield code="f">7</marc:subfield>
			<marc:subfield code="h">0</marc:subfield>
			<marc:subfield code="x">2015-07-12</marc:subfield>
		</marc:datafield>
		<marc:datafield tag="876" ind1=" " ind2=" ">
			<marc:subfield code="a">99a000340</marc:subfield>
			<marc:subfield code="d">19990112</marc:subfield>
			<marc:subfield code="j">kat</marc:subfield>
			<marc:subfield code="p">99a000340</marc:subfield>
		</marc:datafield>
	</marc:record>
	<marc:record format="MARC21" type="Holdings"  xmlns:marc="info:lc/xmlns/marcxchange-v1">
		<marc:leader>99999nx  a2299999ui 4500</marc:leader>
		<marc:controlfield tag="001">99uv00181</marc:controlfield>
		<marc:controlfield tag="004">98218834x</marc:controlfield>
		<marc:controlfield tag="007">ta</marc:controlfield>
		<marc:controlfield tag="008">1507120p||||||||4   uu</marc:controlfield>
		<marc:controlfield tag="009">kat</marc:controlfield>
		<marc:datafield tag="014" ind1="1" ind2=" ">
			<marc:subfield code="a">98218834x</marc:subfield>
			<marc:subfield code="b">(NO-TrBIB)</marc:subfield>
		</marc:datafield>
		<marc:datafield tag="852" ind1=" " ind2=" ">
			<marc:subfield code="a">HVO</marc:subfield>
			<marc:subfield code="b">HVO</marc:subfield>
			<marc:subfield code="c">HVO</marc:subfield>
			<marc:subfield code="h">070.4495 Yst</marc:subfield>
			<marc:subfield code="t">1</marc:subfield>
		</marc:datafield>
		<marc:datafield tag="859" ind1=" " ind2=" ">
			<marc:subfield code="a">HVO</marc:subfield>
			<marc:subfield code="b">HVO</marc:subfield>
			<marc:subfield code="c">070.4495 Yst</marc:subfield>
			<marc:subfield code="f">7</marc:subfield>
			<marc:subfield code="h">0</marc:subfield>
			<marc:subfield code="x">2015-07-12</marc:subfield>
		</marc:datafield>
		<marc:datafield tag="876" ind1=" " ind2=" ">
			<marc:subfield code="a">99uv00181</marc:subfield>
			<marc:subfield code="d">19990125</marc:subfield>
			<marc:subfield code="j">kat</marc:subfield>
			<marc:subfield code="p">99uv00181</marc:subfield>
		</marc:datafield>
	</marc:record>
	<marc:record format="MARC21" type="Holdings"  xmlns:marc="info:lc/xmlns/marcxchange-v1">
		<marc:leader>99999nx  a2299999ui 4500</marc:leader>
		<marc:controlfield tag="001">99un00601</marc:controlfield>
		<marc:controlfield tag="004">98218834x</marc:controlfield>
		<marc:controlfield tag="007">ta</marc:controlfield>
		<marc:controlfield tag="008">1507120p||||||||4   uu</marc:controlfield>
		<marc:controlfield tag="009">kat</marc:controlfield>
		<marc:datafield tag="014" ind1="1" ind2=" ">
			<marc:subfield code="a">98218834x</marc:subfield>
			<marc:subfield code="b">(NO-TrBIB)</marc:subfield>
		</marc:datafield>
		<marc:datafield tag="852" ind1=" " ind2=" ">
			<marc:subfield code="a">HINT</marc:subfield>
			<marc:subfield code="b">HINT/STE</marc:subfield>
			<marc:subfield code="c">HINT/STE</marc:subfield>
			<marc:subfield code="h">507 Y</marc:subfield>
			<marc:subfield code="t">1</marc:subfield>
		</marc:datafield>
		<marc:datafield tag="859" ind1=" " ind2=" ">
			<marc:subfield code="a">HINT/STE</marc:subfield>
			<marc:subfield code="b">HINT/STE</marc:subfield>
			<marc:subfield code="c">507 Y</marc:subfield>
			<marc:subfield code="f">7</marc:subfield>
			<marc:subfield code="h">0</marc:subfield>
			<marc:subfield code="x">2015-07-12</marc:subfield>
		</marc:datafield>
		<marc:datafield tag="876" ind1=" " ind2=" ">
			<marc:subfield code="a">99un00601</marc:subfield>
			<marc:subfield code="d">19990205</marc:subfield>
			<marc:subfield code="j">kat</marc:subfield>
			<marc:subfield code="p">99un00601</marc:subfield>
		</marc:datafield>
	</marc:record>
	<marc:record format="MARC21" type="Holdings"  xmlns:marc="info:lc/xmlns/marcxchange-v1">
		<marc:leader>99999nx  a2299999ui 4500</marc:leader>
		<marc:controlfield tag="001">99a004967</marc:controlfield>
		<marc:controlfield tag="004">98218834x</marc:controlfield>
		<marc:controlfield tag="007">ta</marc:controlfield>
		<marc:controlfield tag="008">1507120l||||||||4   uu</marc:controlfield>
		<marc:controlfield tag="009">kat</marc:controlfield>
		<marc:datafield tag="014" ind1="1" ind2=" ">
			<marc:subfield code="a">98218834x</marc:subfield>
			<marc:subfield code="b">(NO-TrBIB)</marc:subfield>
		</marc:datafield>
		<marc:datafield tag="852" ind1=" " ind2=" ">
			<marc:subfield code="a">NTNU-UB</marc:subfield>
			<marc:subfield code="b">NTNU/DOR</marc:subfield>
			<marc:subfield code="c">DORA mag B</marc:subfield>
			<marc:subfield code="h">125635</marc:subfield>
			<marc:subfield code="x">Tidligere plassering: GUNNERUS</marc:subfield>
		</marc:datafield>
		<marc:datafield tag="859" ind1=" " ind2=" ">
			<marc:subfield code="a">NTNU/DOR</marc:subfield>
			<marc:subfield code="b">DORA mag B</marc:subfield>
			<marc:subfield code="c">125635</marc:subfield>
			<marc:subfield code="f">7</marc:subfield>
			<marc:subfield code="h">0</marc:subfield>
			<marc:subfield code="x">2015-07-12</marc:subfield>
		</marc:datafield>
		<marc:datafield tag="876" ind1=" " ind2=" ">
			<marc:subfield code="a">99a004967</marc:subfield>
			<marc:subfield code="d">19990203</marc:subfield>
			<marc:subfield code="j">kat</marc:subfield>
			<marc:subfield code="p">99a004967</marc:subfield>
		</marc:datafield>
	</marc:record>
	<marc:record format="MARC21" type="Holdings"  xmlns:marc="info:lc/xmlns/marcxchange-v1">
		<marc:leader>99999nx  a2299999ui 4500</marc:leader>
		<marc:controlfield tag="001">99xs01860</marc:controlfield>
		<marc:controlfield tag="004">98218834x</marc:controlfield>
		<marc:controlfield tag="007">ta</marc:controlfield>
		<marc:controlfield tag="008">1507120p||||||||4   uu</marc:controlfield>
		<marc:controlfield tag="009">kat</marc:controlfield>
		<marc:datafield tag="014" ind1="1" ind2=" ">
			<marc:subfield code="a">98218834x</marc:subfield>
			<marc:subfield code="b">(NO-TrBIB)</marc:subfield>
		</marc:datafield>
		<marc:datafield tag="852" ind1=" " ind2=" ">
			<marc:subfield code="a">HSF</marc:subfield>
			<marc:subfield code="b">HISF/FØR</marc:subfield>
			<marc:subfield code="c">HiSF/Førde</marc:subfield>
			<marc:subfield code="h">070.4 YST</marc:subfield>
		</marc:datafield>
		<marc:datafield tag="859" ind1=" " ind2=" ">
			<marc:subfield code="a">HISF/FØR</marc:subfield>
			<marc:subfield code="b">HiSF/Førde</marc:subfield>
			<marc:subfield code="c">070.4 YST</marc:subfield>
			<marc:subfield code="f">7</marc:subfield>
			<marc:subfield code="h">0</marc:subfield>
			<marc:subfield code="x">2015-07-12</marc:subfield>
		</marc:datafield>
		<marc:datafield tag="876" ind1=" " ind2=" ">
			<marc:subfield code="a">99xs01860</marc:subfield>
			<marc:subfield code="d">19990225</marc:subfield>
			<marc:subfield code="j">kat</marc:subfield>
			<marc:subfield code="p">99xs01860</marc:subfield>
		</marc:datafield>
	</marc:record>
	<marc:record format="MARC21" type="Holdings"  xmlns:marc="info:lc/xmlns/marcxchange-v1">
		<marc:leader>99999nx  a2299999ui 4500</marc:leader>
		<marc:controlfield tag="001">99um00409</marc:controlfield>
		<marc:controlfield tag="004">98218834x</marc:controlfield>
		<marc:controlfield tag="007">ta</marc:controlfield>
		<marc:controlfield tag="008">1507120p||||||||4   uu</marc:controlfield>
		<marc:controlfield tag="009">kat</marc:controlfield>
		<marc:datafield tag="014" ind1="1" ind2=" ">
			<marc:subfield code="a">98218834x</marc:subfield>
			<marc:subfield code="b">(NO-TrBIB)</marc:subfield>
		</marc:datafield>
		<marc:datafield tag="852" ind1=" " ind2=" ">
			<marc:subfield code="a">HIM</marc:subfield>
			<marc:subfield code="b">HIMOLDE</marc:subfield>
			<marc:subfield code="c">HiMolde</marc:subfield>
			<marc:subfield code="h">070.449 5 Y</marc:subfield>
			<marc:subfield code="t">1</marc:subfield>
		</marc:datafield>
		<marc:datafield tag="859" ind1=" " ind2=" ">
			<marc:subfield code="a">HIMOLDE</marc:subfield>
			<marc:subfield code="b">HiMolde</marc:subfield>
			<marc:subfield code="c">070.449 5 Y</marc:subfield>
			<marc:subfield code="f">7</marc:subfield>
			<marc:subfield code="h">0</marc:subfield>
			<marc:subfield code="x">2015-07-12</marc:subfield>
		</marc:datafield>
		<marc:datafield tag="876" ind1=" " ind2=" ">
			<marc:subfield code="a">99um00409</marc:subfield>
			<marc:subfield code="d">19990223</marc:subfield>
			<marc:subfield code="j">kat</marc:subfield>
			<marc:subfield code="p">99um00409</marc:subfield>
		</marc:datafield>
	</marc:record>
	<marc:record format="MARC21" type="Holdings"  xmlns:marc="info:lc/xmlns/marcxchange-v1">
		<marc:leader>99999nx  a2299999ui 4500</marc:leader>
		<marc:controlfield tag="001">99ga05692</marc:controlfield>
		<marc:controlfield tag="004">98218834x</marc:controlfield>
		<marc:controlfield tag="007">ta</marc:controlfield>
		<marc:controlfield tag="008">1507120l||||||||4   uu</marc:controlfield>
		<marc:controlfield tag="009">kat</marc:controlfield>
		<marc:datafield tag="014" ind1="1" ind2=" ">
			<marc:subfield code="a">98218834x</marc:subfield>
			<marc:subfield code="b">(NO-TrBIB)</marc:subfield>
		</marc:datafield>
		<marc:datafield tag="852" ind1=" " ind2=" ">
			<marc:subfield code="a">NB</marc:subfield>
			<marc:subfield code="b">NB/BRU</marc:subfield>
			<marc:subfield code="c">NB/BRU</marc:subfield>
			<marc:subfield code="h">NA/A 1999:1824</marc:subfield>
			<marc:subfield code="z">(h.) (Til bruk på NB Oslos lesesal)</marc:subfield>
		</marc:datafield>
		<marc:datafield tag="859" ind1=" " ind2=" ">
			<marc:subfield code="a">NB/BRU</marc:subfield>
			<marc:subfield code="b">NB/BRU</marc:subfield>
			<marc:subfield code="c">NA/A 1999:1824</marc:subfield>
			<marc:subfield code="f">7</marc:subfield>
			<marc:subfield code="h">0</marc:subfield>
			<marc:subfield code="x">2015-07-12</marc:subfield>
		</marc:datafield>
		<marc:datafield tag="876" ind1=" " ind2=" ">
			<marc:subfield code="a">99ga05692</marc:subfield>
			<marc:subfield code="d">19990323</marc:subfield>
			<marc:subfield code="j">kat</marc:subfield>
			<marc:subfield code="p">99ga05692</marc:subfield>
		</marc:datafield>
	</marc:record>
	<marc:record format="MARC21" type="Holdings"  xmlns:marc="info:lc/xmlns/marcxchange-v1">
		<marc:leader>99999nx  a2299999ui 4500</marc:leader>
		<marc:controlfield tag="001">99ud02084</marc:controlfield>
		<marc:controlfield tag="004">98218834x</marc:controlfield>
		<marc:controlfield tag="007">ta</marc:controlfield>
		<marc:controlfield tag="008">1507120p||||||||4   uu</marc:controlfield>
		<marc:controlfield tag="009">kat</marc:controlfield>
		<marc:datafield tag="014" ind1="1" ind2=" ">
			<marc:subfield code="a">98218834x</marc:subfield>
			<marc:subfield code="b">(NO-TrBIB)</marc:subfield>
		</marc:datafield>
		<marc:datafield tag="852" ind1=" " ind2=" ">
			<marc:subfield code="a">UBIN</marc:subfield>
			<marc:subfield code="b">UBIN</marc:subfield>
			<marc:subfield code="c">UBIN</marc:subfield>
			<marc:subfield code="h">070.4490014 Yst</marc:subfield>
		</marc:datafield>
		<marc:datafield tag="859" ind1=" " ind2=" ">
			<marc:subfield code="a">UBIN</marc:subfield>
			<marc:subfield code="b">UBIN</marc:subfield>
			<marc:subfield code="c">070.4490014 Yst</marc:subfield>
			<marc:subfield code="f">7</marc:subfield>
			<marc:subfield code="h">0</marc:subfield>
			<marc:subfield code="x">2015-07-12</marc:subfield>
		</marc:datafield>
		<marc:datafield tag="876" ind1=" " ind2=" ">
			<marc:subfield code="a">99ud02084</marc:subfield>
			<marc:subfield code="d">19990505</marc:subfield>
			<marc:subfield code="j">kat</marc:subfield>
			<marc:subfield code="p">014526ud0</marc:subfield>
		</marc:datafield>
	</marc:record>
	<marc:record format="MARC21" type="Holdings"  xmlns:marc="info:lc/xmlns/marcxchange-v1">
		<marc:leader>99999nx  a2299999ui 4500</marc:leader>
		<marc:controlfield tag="001">99ga06781</marc:controlfield>
		<marc:controlfield tag="004">98218834x</marc:controlfield>
		<marc:controlfield tag="007">ta</marc:controlfield>
		<marc:controlfield tag="008">1507120g||||||||4   uu</marc:controlfield>
		<marc:controlfield tag="009">kat</marc:controlfield>
		<marc:datafield tag="014" ind1="1" ind2=" ">
			<marc:subfield code="a">98218834x</marc:subfield>
			<marc:subfield code="b">(NO-TrBIB)</marc:subfield>
		</marc:datafield>
		<marc:datafield tag="852" ind1=" " ind2=" ">
			<marc:subfield code="a">NB</marc:subfield>
			<marc:subfield code="b">NB/BRU</marc:subfield>
			<marc:subfield code="c">NB/BRU</marc:subfield>
			<marc:subfield code="h">Mag 070.4 Yst</marc:subfield>
			<marc:subfield code="z">(h.)</marc:subfield>
		</marc:datafield>
		<marc:datafield tag="859" ind1=" " ind2=" ">
			<marc:subfield code="a">NB/BRU</marc:subfield>
			<marc:subfield code="b">NB/BRU</marc:subfield>
			<marc:subfield code="c">Mag 070.4 Yst</marc:subfield>
			<marc:subfield code="f">7</marc:subfield>
			<marc:subfield code="h">0</marc:subfield>
			<marc:subfield code="x">2015-07-12</marc:subfield>
		</marc:datafield>
		<marc:datafield tag="876" ind1=" " ind2=" ">
			<marc:subfield code="a">99ga06781</marc:subfield>
			<marc:subfield code="d">19990413</marc:subfield>
			<marc:subfield code="j">kat</marc:subfield>
			<marc:subfield code="p">99ga06781</marc:subfield>
		</marc:datafield>
	</marc:record>
	<marc:record format="MARC21" type="Holdings"  xmlns:marc="info:lc/xmlns/marcxchange-v1">
		<marc:leader>99999nx  a2299999ui 4500</marc:leader>
		<marc:controlfield tag="001">99up06368</marc:controlfield>
		<marc:controlfield tag="004">98218834x</marc:controlfield>
		<marc:controlfield tag="007">ta</marc:controlfield>
		<marc:controlfield tag="008">1507120p||||||||4   uu</marc:controlfield>
		<marc:controlfield tag="009">kat</marc:controlfield>
		<marc:datafield tag="014" ind1="1" ind2=" ">
			<marc:subfield code="a">98218834x</marc:subfield>
			<marc:subfield code="b">(NO-TrBIB)</marc:subfield>
		</marc:datafield>
		<marc:datafield tag="852" ind1=" " ind2=" ">
			<marc:subfield code="a">HH</marc:subfield>
			<marc:subfield code="b">HH/EVENS</marc:subfield>
			<marc:subfield code="c">HH/Evens Blæstad</marc:subfield>
			<marc:subfield code="h">070.4 Ys</marc:subfield>
		</marc:datafield>
		<marc:datafield tag="859" ind1=" " ind2=" ">
			<marc:subfield code="a">HH/EVENS</marc:subfield>
			<marc:subfield code="b">HH/Evens Blæstad</marc:subfield>
			<marc:subfield code="c">070.4 Ys</marc:subfield>
			<marc:subfield code="f">7</marc:subfield>
			<marc:subfield code="h">0</marc:subfield>
			<marc:subfield code="x">2015-07-12</marc:subfield>
		</marc:datafield>
		<marc:datafield tag="876" ind1=" " ind2=" ">
			<marc:subfield code="a">99up06368</marc:subfield>
			<marc:subfield code="d">19990917</marc:subfield>
			<marc:subfield code="j">kat</marc:subfield>
			<marc:subfield code="p">99up06368</marc:subfield>
		</marc:datafield>
	</marc:record>
	<marc:record format="MARC21" type="Holdings"  xmlns:marc="info:lc/xmlns/marcxchange-v1">
		<marc:leader>99999nx  a2299999ui 4500</marc:leader>
		<marc:controlfield tag="001">00xh00093</marc:controlfield>
		<marc:controlfield tag="004">98218834x</marc:controlfield>
		<marc:controlfield tag="007">ta</marc:controlfield>
		<marc:controlfield tag="008">1507120p||||||||4   uu</marc:controlfield>
		<marc:controlfield tag="009">kat</marc:controlfield>
		<marc:datafield tag="014" ind1="1" ind2=" ">
			<marc:subfield code="a">98218834x</marc:subfield>
			<marc:subfield code="b">(NO-TrBIB)</marc:subfield>
		</marc:datafield>
		<marc:datafield tag="852" ind1=" " ind2=" ">
			<marc:subfield code="a">NITH</marc:subfield>
			<marc:subfield code="b">NITH</marc:subfield>
			<marc:subfield code="c">NITH</marc:subfield>
			<marc:subfield code="h">302.234 Ys</marc:subfield>
		</marc:datafield>
		<marc:datafield tag="859" ind1=" " ind2=" ">
			<marc:subfield code="a">NITH</marc:subfield>
			<marc:subfield code="b">NITH</marc:subfield>
			<marc:subfield code="c">302.234 Ys</marc:subfield>
			<marc:subfield code="f">7</marc:subfield>
			<marc:subfield code="h">0</marc:subfield>
			<marc:subfield code="x">2015-07-12</marc:subfield>
		</marc:datafield>
		<marc:datafield tag="876" ind1=" " ind2=" ">
			<marc:subfield code="a">00xh00093</marc:subfield>
			<marc:subfield code="d">20000225</marc:subfield>
			<marc:subfield code="j">kat</marc:subfield>
			<marc:subfield code="p">00xh00093</marc:subfield>
		</marc:datafield>
	</marc:record>
	<marc:record format="MARC21" type="Holdings"  xmlns:marc="info:lc/xmlns/marcxchange-v1">
		<marc:leader>99999nx  a2299999ui 4500</marc:leader>
		<marc:controlfield tag="001">00sd07261</marc:controlfield>
		<marc:controlfield tag="004">98218834x</marc:controlfield>
		<marc:controlfield tag="007">ta</marc:controlfield>
		<marc:controlfield tag="008">1507120|||||||||4   uu</marc:controlfield>
		<marc:controlfield tag="009">kat</marc:controlfield>
		<marc:datafield tag="014" ind1="1" ind2=" ">
			<marc:subfield code="a">98218834x</marc:subfield>
			<marc:subfield code="b">(NO-TrBIB)</marc:subfield>
		</marc:datafield>
		<marc:datafield tag="852" ind1=" " ind2=" ">
			<marc:subfield code="a">NB</marc:subfield>
			<marc:subfield code="b">NB/DEP</marc:subfield>
			<marc:subfield code="c">NB/DEP</marc:subfield>
			<marc:subfield code="h">-</marc:subfield>
		</marc:datafield>
		<marc:datafield tag="859" ind1=" " ind2=" ">
			<marc:subfield code="a">NB/DEP</marc:subfield>
			<marc:subfield code="b">NB/DEP</marc:subfield>
			<marc:subfield code="f">7</marc:subfield>
			<marc:subfield code="h">0</marc:subfield>
			<marc:subfield code="x">2015-07-12</marc:subfield>
		</marc:datafield>
		<marc:datafield tag="876" ind1=" " ind2=" ">
			<marc:subfield code="a">00sd07261</marc:subfield>
			<marc:subfield code="j">kat</marc:subfield>
			<marc:subfield code="p">00sd07261</marc:subfield>
		</marc:datafield>
	</marc:record>
	<marc:record format="MARC21" type="Holdings"  xmlns:marc="info:lc/xmlns/marcxchange-v1">
		<marc:leader>99999nx  a2299999ui 4500</marc:leader>
		<marc:controlfield tag="001">01xn00939</marc:controlfield>
		<marc:controlfield tag="004">98218834x</marc:controlfield>
		<marc:controlfield tag="007">ta</marc:controlfield>
		<marc:controlfield tag="008">1507120p||||||||4   uu</marc:controlfield>
		<marc:controlfield tag="009">kat</marc:controlfield>
		<marc:datafield tag="014" ind1="1" ind2=" ">
			<marc:subfield code="a">98218834x</marc:subfield>
			<marc:subfield code="b">(NO-TrBIB)</marc:subfield>
		</marc:datafield>
		<marc:datafield tag="852" ind1=" " ind2=" ">
			<marc:subfield code="a">HINESNA</marc:subfield>
			<marc:subfield code="b">HNE</marc:subfield>
			<marc:subfield code="c">HNE</marc:subfield>
			<marc:subfield code="h">070.4 Yst</marc:subfield>
		</marc:datafield>
		<marc:datafield tag="859" ind1=" " ind2=" ">
			<marc:subfield code="a">HNE</marc:subfield>
			<marc:subfield code="b">HNE</marc:subfield>
			<marc:subfield code="c">070.4 Yst</marc:subfield>
			<marc:subfield code="f">7</marc:subfield>
			<marc:subfield code="h">0</marc:subfield>
			<marc:subfield code="x">2015-07-12</marc:subfield>
		</marc:datafield>
		<marc:datafield tag="876" ind1=" " ind2=" ">
			<marc:subfield code="a">01xn00939</marc:subfield>
			<marc:subfield code="d">20010320</marc:subfield>
			<marc:subfield code="j">kat</marc:subfield>
			<marc:subfield code="p">01xn00939</marc:subfield>
		</marc:datafield>
	</marc:record>
	<marc:record format="MARC21" type="Holdings"  xmlns:marc="info:lc/xmlns/marcxchange-v1">
		<marc:leader>99999nx  a2299999ui 4500</marc:leader>
		<marc:controlfield tag="001">01xc02227</marc:controlfield>
		<marc:controlfield tag="004">98218834x</marc:controlfield>
		<marc:controlfield tag="007">ta</marc:controlfield>
		<marc:controlfield tag="008">1507120p||||||||4   uu</marc:controlfield>
		<marc:controlfield tag="009">kat</marc:controlfield>
		<marc:datafield tag="014" ind1="1" ind2=" ">
			<marc:subfield code="a">98218834x</marc:subfield>
			<marc:subfield code="b">(NO-TrBIB)</marc:subfield>
		</marc:datafield>
		<marc:datafield tag="852" ind1=" " ind2=" ">
			<marc:subfield code="a">HIB</marc:subfield>
			<marc:subfield code="b">HIB</marc:subfield>
			<marc:subfield code="c">HiB</marc:subfield>
			<marc:subfield code="h">070.4 Yst</marc:subfield>
		</marc:datafield>
		<marc:datafield tag="859" ind1=" " ind2=" ">
			<marc:subfield code="a">HIB</marc:subfield>
			<marc:subfield code="b">HiB</marc:subfield>
			<marc:subfield code="c">070.4 Yst</marc:subfield>
			<marc:subfield code="f">7</marc:subfield>
			<marc:subfield code="h">0</marc:subfield>
			<marc:subfield code="x">2015-07-12</marc:subfield>
		</marc:datafield>
		<marc:datafield tag="876" ind1=" " ind2=" ">
			<marc:subfield code="a">01xc02227</marc:subfield>
			<marc:subfield code="d">20010608</marc:subfield>
			<marc:subfield code="j">kat</marc:subfield>
			<marc:subfield code="p">01xc02227</marc:subfield>
		</marc:datafield>
	</marc:record>
	<marc:record format="MARC21" type="Holdings"  xmlns:marc="info:lc/xmlns/marcxchange-v1">
		<marc:leader>99999nx  a2299999ui 4500</marc:leader>
		<marc:controlfield tag="001">99a002663</marc:controlfield>
		<marc:controlfield tag="004">98218834x</marc:controlfield>
		<marc:controlfield tag="007">ta</marc:controlfield>
		<marc:controlfield tag="008">1507120n||||||||4   uu</marc:controlfield>
		<marc:controlfield tag="009">kat</marc:controlfield>
		<marc:datafield tag="014" ind1="1" ind2=" ">
			<marc:subfield code="a">98218834x</marc:subfield>
			<marc:subfield code="b">(NO-TrBIB)</marc:subfield>
		</marc:datafield>
		<marc:datafield tag="852" ind1=" " ind2=" ">
			<marc:subfield code="a">NTNU-UB</marc:subfield>
			<marc:subfield code="b">NTNU/REA</marc:subfield>
			<marc:subfield code="c">REAL x-saml</marc:subfield>
			<marc:subfield code="h">001.3 Ys8s</marc:subfield>
			<marc:subfield code="x">Tidligere eier: KJEMIBIB</marc:subfield>
		</marc:datafield>
		<marc:datafield tag="859" ind1=" " ind2=" ">
			<marc:subfield code="a">NTNU/REA</marc:subfield>
			<marc:subfield code="b">REAL x-saml</marc:subfield>
			<marc:subfield code="c">001.3 Ys8s</marc:subfield>
			<marc:subfield code="f">7</marc:subfield>
			<marc:subfield code="h">0</marc:subfield>
			<marc:subfield code="x">2015-07-12</marc:subfield>
		</marc:datafield>
		<marc:datafield tag="876" ind1=" " ind2=" ">
			<marc:subfield code="a">99a002663</marc:subfield>
			<marc:subfield code="d">19990120</marc:subfield>
			<marc:subfield code="j">kat</marc:subfield>
			<marc:subfield code="p">99a002663</marc:subfield>
		</marc:datafield>
	</marc:record>
	<marc:record format="MARC21" type="Holdings"  xmlns:marc="info:lc/xmlns/marcxchange-v1">
		<marc:leader>99999nx  a2299999ui 4500</marc:leader>
		<marc:controlfield tag="001">99ns00520</marc:controlfield>
		<marc:controlfield tag="004">98218834x</marc:controlfield>
		<marc:controlfield tag="007">ta</marc:controlfield>
		<marc:controlfield tag="008">1507120p||||||||4   uu</marc:controlfield>
		<marc:controlfield tag="009">kat</marc:controlfield>
		<marc:datafield tag="014" ind1="1" ind2=" ">
			<marc:subfield code="a">98218834x</marc:subfield>
			<marc:subfield code="b">(NO-TrBIB)</marc:subfield>
		</marc:datafield>
		<marc:datafield tag="852" ind1=" " ind2=" ">
			<marc:subfield code="a">UBO</marc:subfield>
			<marc:subfield code="b">UREAL</marc:subfield>
			<marc:subfield code="c">UREAL Samling 42</marc:subfield>
			<marc:subfield code="h">FA 2504</marc:subfield>
		</marc:datafield>
		<marc:datafield tag="859" ind1=" " ind2=" ">
			<marc:subfield code="a">UREAL</marc:subfield>
			<marc:subfield code="b">UREAL Samling 42</marc:subfield>
			<marc:subfield code="c">FA 2504</marc:subfield>
			<marc:subfield code="f">7</marc:subfield>
			<marc:subfield code="h">0</marc:subfield>
			<marc:subfield code="x">2015-07-12</marc:subfield>
		</marc:datafield>
		<marc:datafield tag="876" ind1=" " ind2=" ">
			<marc:subfield code="a">99ns00520</marc:subfield>
			<marc:subfield code="d">19990614</marc:subfield>
			<marc:subfield code="j">kat</marc:subfield>
			<marc:subfield code="p">99ns00520</marc:subfield>
		</marc:datafield>
	</marc:record>
	<marc:record format="MARC21" type="Holdings"  xmlns:marc="info:lc/xmlns/marcxchange-v1">
		<marc:leader>99999nx  a2299999ui 4500</marc:leader>
		<marc:controlfield tag="001">99up01237</marc:controlfield>
		<marc:controlfield tag="004">98218834x</marc:controlfield>
		<marc:controlfield tag="007">ta</marc:controlfield>
		<marc:controlfield tag="008">1507120p||||||||4   uu</marc:controlfield>
		<marc:controlfield tag="009">kat</marc:controlfield>
		<marc:datafield tag="014" ind1="1" ind2=" ">
			<marc:subfield code="a">98218834x</marc:subfield>
			<marc:subfield code="b">(NO-TrBIB)</marc:subfield>
		</marc:datafield>
		<marc:datafield tag="852" ind1=" " ind2=" ">
			<marc:subfield code="a">HH</marc:subfield>
			<marc:subfield code="b">HH/RENA</marc:subfield>
			<marc:subfield code="c">HH/Rena</marc:subfield>
			<marc:subfield code="h">070.4 Ys</marc:subfield>
		</marc:datafield>
		<marc:datafield tag="859" ind1=" " ind2=" ">
			<marc:subfield code="a">HH/RENA</marc:subfield>
			<marc:subfield code="b">HH/Rena</marc:subfield>
			<marc:subfield code="c">070.4 Ys</marc:subfield>
			<marc:subfield code="f">7</marc:subfield>
			<marc:subfield code="h">0</marc:subfield>
			<marc:subfield code="x">2015-07-12</marc:subfield>
		</marc:datafield>
		<marc:datafield tag="876" ind1=" " ind2=" ">
			<marc:subfield code="a">99up01237</marc:subfield>
			<marc:subfield code="d">19990301</marc:subfield>
			<marc:subfield code="j">kat</marc:subfield>
			<marc:subfield code="p">99up01237</marc:subfield>
		</marc:datafield>
	</marc:record>
	<marc:record format="MARC21" type="Holdings"  xmlns:marc="info:lc/xmlns/marcxchange-v1">
		<marc:leader>99999nx  a2299999ui 4500</marc:leader>
		<marc:controlfield tag="001">07a000468</marc:controlfield>
		<marc:controlfield tag="004">98218834x</marc:controlfield>
		<marc:controlfield tag="007">ta</marc:controlfield>
		<marc:controlfield tag="008">1507120g||||||||4   uu</marc:controlfield>
		<marc:controlfield tag="009">kat</marc:controlfield>
		<marc:datafield tag="014" ind1="1" ind2=" ">
			<marc:subfield code="a">98218834x</marc:subfield>
			<marc:subfield code="b">(NO-TrBIB)</marc:subfield>
		</marc:datafield>
		<marc:datafield tag="852" ind1=" " ind2=" ">
			<marc:subfield code="a">NTNU-UB</marc:subfield>
			<marc:subfield code="b">NTNU/BMH</marc:subfield>
			<marc:subfield code="c">NTNU/BMH</marc:subfield>
			<marc:subfield code="h">Q Yst</marc:subfield>
			<marc:subfield code="x">gave fra Solveig</marc:subfield>
		</marc:datafield>
		<marc:datafield tag="859" ind1=" " ind2=" ">
			<marc:subfield code="a">NTNU/BMH</marc:subfield>
			<marc:subfield code="b">NTNU/BMH</marc:subfield>
			<marc:subfield code="c">Q Yst</marc:subfield>
			<marc:subfield code="f">7</marc:subfield>
			<marc:subfield code="h">0</marc:subfield>
			<marc:subfield code="x">2015-07-12</marc:subfield>
		</marc:datafield>
		<marc:datafield tag="876" ind1=" " ind2=" ">
			<marc:subfield code="a">07a000468</marc:subfield>
			<marc:subfield code="d">20070104</marc:subfield>
			<marc:subfield code="j">kat</marc:subfield>
			<marc:subfield code="p">07a000468</marc:subfield>
		</marc:datafield>
	</marc:record>
	<marc:record format="MARC21" type="Holdings"  xmlns:marc="info:lc/xmlns/marcxchange-v1">
		<marc:leader>99999nx  a2299999ui 4500</marc:leader>
		<marc:controlfield tag="001">76g091948</marc:controlfield>
		<marc:controlfield tag="004">98218834x</marc:controlfield>
		<marc:controlfield tag="007">ta</marc:controlfield>
		<marc:controlfield tag="008">1507120|||||||||4   uu</marc:controlfield>
		<marc:controlfield tag="009">mini</marc:controlfield>
		<marc:datafield tag="014" ind1="1" ind2=" ">
			<marc:subfield code="a">98218834x</marc:subfield>
			<marc:subfield code="b">(NO-TrBIB)</marc:subfield>
		</marc:datafield>
		<marc:datafield tag="852" ind1=" " ind2=" ">
			<marc:subfield code="a">NB</marc:subfield>
			<marc:subfield code="b">NB/DEP</marc:subfield>
			<marc:subfield code="c">NB/DEP a</marc:subfield>
			<marc:subfield code="h">-</marc:subfield>
		</marc:datafield>
		<marc:datafield tag="859" ind1=" " ind2=" ">
			<marc:subfield code="a">NB/DEP</marc:subfield>
			<marc:subfield code="b">NB/DEP a</marc:subfield>
			<marc:subfield code="f">7</marc:subfield>
			<marc:subfield code="h">0</marc:subfield>
			<marc:subfield code="x">2015-07-12</marc:subfield>
		</marc:datafield>
		<marc:datafield tag="876" ind1=" " ind2=" ">
			<marc:subfield code="a">76g091948</marc:subfield>
			<marc:subfield code="j">mini</marc:subfield>
			<marc:subfield code="p">76g091948</marc:subfield>
		</marc:datafield>
	</marc:record>
	<marc:record format="MARC21" type="Holdings"  xmlns:marc="info:lc/xmlns/marcxchange-v1">
		<marc:leader>99999nx  a2299999ui 4500</marc:leader>
		<marc:controlfield tag="001">76g159905</marc:controlfield>
		<marc:controlfield tag="004">98218834x</marc:controlfield>
		<marc:controlfield tag="007">ta</marc:controlfield>
		<marc:controlfield tag="008">1507120|||||||||4   uu</marc:controlfield>
		<marc:controlfield tag="009">mini</marc:controlfield>
		<marc:datafield tag="014" ind1="1" ind2=" ">
			<marc:subfield code="a">98218834x</marc:subfield>
			<marc:subfield code="b">(NO-TrBIB)</marc:subfield>
		</marc:datafield>
		<marc:datafield tag="852" ind1=" " ind2=" ">
			<marc:subfield code="a">NB</marc:subfield>
			<marc:subfield code="b">NB/DEP</marc:subfield>
			<marc:subfield code="c">NB/DEP a</marc:subfield>
			<marc:subfield code="h">-</marc:subfield>
			<marc:subfield code="z">(2. oppl. 1999)</marc:subfield>
		</marc:datafield>
		<marc:datafield tag="859" ind1=" " ind2=" ">
			<marc:subfield code="a">NB/DEP</marc:subfield>
			<marc:subfield code="b">NB/DEP a</marc:subfield>
			<marc:subfield code="f">7</marc:subfield>
			<marc:subfield code="h">0</marc:subfield>
			<marc:subfield code="x">2015-07-12</marc:subfield>
		</marc:datafield>
		<marc:datafield tag="876" ind1=" " ind2=" ">
			<marc:subfield code="a">76g159905</marc:subfield>
			<marc:subfield code="j">mini</marc:subfield>
			<marc:subfield code="p">76g159905</marc:subfield>
		</marc:datafield>
	</marc:record>
</marc:collection></metadata>
</record>