
<record>
<header>
 <identifier>oai:bibsys.no:collection:biblioholding:020800231</identifier>
 <datestamp>2015-07-10T21:12:32Z</datestamp>
<setSpec>urealSamling42</setSpec>
</header>
<metadata>
<marc:collection>
	<marc:record format="MARC21" type="Bibliographic"  xmlns:marc="info:lc/xmlns/marcxchange-v1">
		<marc:leader>99999cam a2299999 u 4500</marc:leader>
		<marc:controlfield tag="001">020800231</marc:controlfield>
		<marc:controlfield tag="003">NO-TrBIB</marc:controlfield>
		<marc:controlfield tag="005">20150710211232.0</marc:controlfield>
		<marc:controlfield tag="007">ta</marc:controlfield>
		<marc:controlfield tag="008">150710s2002    xx#|||||||||||000|u|eng|d</marc:controlfield>
		<marc:datafield tag="020" ind1=" " ind2=" ">
			<marc:subfield code="a">0309076412</marc:subfield>
			<marc:subfield code="q">ib.</marc:subfield>
		</marc:datafield>
		<marc:datafield tag="035" ind1=" " ind2=" ">
			<marc:subfield code="a">(NO-TrBIB)020800231</marc:subfield>
		</marc:datafield>
		<marc:datafield tag="040" ind1=" " ind2=" ">
			<marc:subfield code="a">NO-TrBIB</marc:subfield>
			<marc:subfield code="b">nob</marc:subfield>
			<marc:subfield code="e">katreg</marc:subfield>
		</marc:datafield>
		<marc:datafield tag="080" ind1=" " ind2=" ">
			<marc:subfield code="a">53.01</marc:subfield>
		</marc:datafield>
		<marc:datafield tag="080" ind1=" " ind2=" ">
			<marc:subfield code="a">001</marc:subfield>
		</marc:datafield>
		<marc:datafield tag="084" ind1=" " ind2=" ">
			<marc:subfield code="a">Fa:4</marc:subfield>
			<marc:subfield code="2">utk</marc:subfield>
		</marc:datafield>
		<marc:datafield tag="084" ind1=" " ind2=" ">
			<marc:subfield code="a">Fa:15</marc:subfield>
			<marc:subfield code="2">utk</marc:subfield>
		</marc:datafield>
		<marc:datafield tag="092" ind1=" " ind2=" ">
			<marc:subfield code="a">530.09</marc:subfield>
			<marc:subfield code="9">LOCAL</marc:subfield>
			<marc:subfield code="BIBLIOTEK">c</marc:subfield>
		</marc:datafield>
		<marc:datafield tag="092" ind1=" " ind2=" ">
			<marc:subfield code="a">306.45</marc:subfield>
			<marc:subfield code="q">NoBeU</marc:subfield>
			<marc:subfield code="9">LOCAL</marc:subfield>
			<marc:subfield code="BIBLIOTEK">d</marc:subfield>
		</marc:datafield>
		<marc:datafield tag="092" ind1=" " ind2=" ">
			<marc:subfield code="a">530.09</marc:subfield>
			<marc:subfield code="9">LOCAL</marc:subfield>
			<marc:subfield code="BIBLIOTEK">ur</marc:subfield>
		</marc:datafield>
		<marc:datafield tag="097" ind1=" " ind2=" ">
			<marc:subfield code="a">fa3278</marc:subfield>
			<marc:subfield code="9">LOCAL</marc:subfield>
			<marc:subfield code="BIBLIOTEK">k</marc:subfield>
		</marc:datafield>
		<marc:datafield tag="100" ind1="1" ind2=" ">
			<marc:subfield code="a">Peat, F. David</marc:subfield>
			<marc:subfield code="0">(NO-TrBIB)x90137925</marc:subfield>
		</marc:datafield>
		<marc:datafield tag="245" ind1="1" ind2="0">
			<marc:subfield code="a">From certainty to uncertainty :</marc:subfield>
			<marc:subfield code="b">the story of science and ideas in the twentieth century</marc:subfield>
			<marc:subfield code="c">F. David Peat</marc:subfield>
		</marc:datafield>
		<marc:datafield tag="260" ind1=" " ind2=" ">
			<marc:subfield code="a">Washington, D.C.</marc:subfield>
			<marc:subfield code="b">Joseph Henry Press</marc:subfield>
			<marc:subfield code="c">c2002</marc:subfield>
		</marc:datafield>
		<marc:datafield tag="300" ind1=" " ind2=" ">
			<marc:subfield code="a">XIV, 230 s.</marc:subfield>
		</marc:datafield>
		<marc:datafield tag="650" ind1=" " ind2="0">
			<marc:subfield code="a">Physics</marc:subfield>
			<marc:subfield code="x">Philosophy</marc:subfield>
		</marc:datafield>
		<marc:datafield tag="650" ind1=" " ind2="0">
			<marc:subfield code="a">Certainty</marc:subfield>
		</marc:datafield>
		<marc:datafield tag="650" ind1=" " ind2="0">
			<marc:subfield code="a">Chaotic behavior in systems</marc:subfield>
		</marc:datafield>
		<marc:datafield tag="650" ind1=" " ind2="0">
			<marc:subfield code="a">Physics</marc:subfield>
			<marc:subfield code="x">History</marc:subfield>
			<marc:subfield code="y">20th century</marc:subfield>
		</marc:datafield>
		<marc:datafield tag="650" ind1=" " ind2="7">
			<marc:subfield code="a">Fysikk</marc:subfield>
			<marc:subfield code="x">Filosofi</marc:subfield>
			<marc:subfield code="2">tekord</marc:subfield>
		</marc:datafield>
		<marc:datafield tag="653" ind1=" " ind2=" ">
			<marc:subfield code="a">naturvitenskap</marc:subfield>
		</marc:datafield>
		<marc:datafield tag="653" ind1=" " ind2=" ">
			<marc:subfield code="a">fysikk</marc:subfield>
		</marc:datafield>
		<marc:datafield tag="653" ind1=" " ind2=" ">
			<marc:subfield code="a">historie</marc:subfield>
		</marc:datafield>
		<marc:datafield tag="653" ind1=" " ind2=" ">
			<marc:subfield code="a">filosofi</marc:subfield>
		</marc:datafield>
		<marc:datafield tag="653" ind1=" " ind2=" ">
			<marc:subfield code="a">vitenskapshistorie</marc:subfield>
		</marc:datafield>
		<marc:datafield tag="653" ind1=" " ind2=" ">
			<marc:subfield code="a">idehistorie</marc:subfield>
		</marc:datafield>
		<marc:datafield tag="653" ind1=" " ind2=" ">
			<marc:subfield code="a">vitenskapsfilosofi</marc:subfield>
		</marc:datafield>
		<marc:datafield tag="653" ind1=" " ind2=" ">
			<marc:subfield code="a">tjuende</marc:subfield>
		</marc:datafield>
		<marc:datafield tag="653" ind1=" " ind2=" ">
			<marc:subfield code="a">århundre</marc:subfield>
		</marc:datafield>
		<marc:datafield tag="776" ind1="0" ind2=" ">
			<marc:subfield code="w">(NO-TrBIB)040496929</marc:subfield>
		</marc:datafield>
		<marc:datafield tag="856" ind1="4" ind2="2">
			<marc:subfield code="3">Beskrivelse fra forlaget (kort)</marc:subfield>
			<marc:subfield code="u">http://content.bibsys.no/content/?type=descr_publ_brief&amp;isbn=0309076412</marc:subfield>
		</marc:datafield>
		<marc:datafield tag="856" ind1="4" ind2="2">
			<marc:subfield code="3">Beskrivelse fra forlaget (lang)</marc:subfield>
			<marc:subfield code="u">http://content.bibsys.no/content/?type=descr_publ_full&amp;isbn=0309076412</marc:subfield>
		</marc:datafield>
		<marc:datafield tag="901" ind1=" " ind2=" ">
			<marc:subfield code="a">80</marc:subfield>
		</marc:datafield>
	</marc:record>
	<marc:record format="MARC21" type="Holdings"  xmlns:marc="info:lc/xmlns/marcxchange-v1">
		<marc:leader>99999nx  a2299999ui 4500</marc:leader>
		<marc:controlfield tag="001">02ns00526</marc:controlfield>
		<marc:controlfield tag="004">020800231</marc:controlfield>
		<marc:controlfield tag="007">ta</marc:controlfield>
		<marc:controlfield tag="008">1507120p||||||||4   uu</marc:controlfield>
		<marc:controlfield tag="009">kat</marc:controlfield>
		<marc:datafield tag="014" ind1="1" ind2=" ">
			<marc:subfield code="a">020800231</marc:subfield>
			<marc:subfield code="b">(NO-TrBIB)</marc:subfield>
		</marc:datafield>
		<marc:datafield tag="852" ind1=" " ind2=" ">
			<marc:subfield code="a">UBO</marc:subfield>
			<marc:subfield code="b">UREAL</marc:subfield>
			<marc:subfield code="c">UREAL Samling 42</marc:subfield>
			<marc:subfield code="h">FA 3278</marc:subfield>
		</marc:datafield>
		<marc:datafield tag="859" ind1=" " ind2=" ">
			<marc:subfield code="a">UREAL</marc:subfield>
			<marc:subfield code="b">UREAL Samling 42</marc:subfield>
			<marc:subfield code="c">FA 3278</marc:subfield>
			<marc:subfield code="f">7</marc:subfield>
			<marc:subfield code="h">0</marc:subfield>
			<marc:subfield code="x">2015-07-12</marc:subfield>
		</marc:datafield>
		<marc:datafield tag="876" ind1=" " ind2=" ">
			<marc:subfield code="a">02ns00526</marc:subfield>
			<marc:subfield code="d">20020813</marc:subfield>
			<marc:subfield code="j">kat</marc:subfield>
			<marc:subfield code="p">02ns00526</marc:subfield>
		</marc:datafield>
	</marc:record>
	<marc:record format="MARC21" type="Holdings"  xmlns:marc="info:lc/xmlns/marcxchange-v1">
		<marc:leader>99999nx  a2299999ui 4500</marc:leader>
		<marc:controlfield tag="001">02d021710</marc:controlfield>
		<marc:controlfield tag="004">020800231</marc:controlfield>
		<marc:controlfield tag="007">ta</marc:controlfield>
		<marc:controlfield tag="008">1507120p||||||||4   uu</marc:controlfield>
		<marc:controlfield tag="009">kat</marc:controlfield>
		<marc:datafield tag="014" ind1="1" ind2=" ">
			<marc:subfield code="a">020800231</marc:subfield>
			<marc:subfield code="b">(NO-TrBIB)</marc:subfield>
		</marc:datafield>
		<marc:datafield tag="852" ind1=" " ind2=" ">
			<marc:subfield code="a">UBB</marc:subfield>
			<marc:subfield code="b">UBB/DEP</marc:subfield>
			<marc:subfield code="c">UBBDEP</marc:subfield>
			<marc:subfield code="h">306.45 Pea</marc:subfield>
			<marc:subfield code="x">tj</marc:subfield>
		</marc:datafield>
		<marc:datafield tag="859" ind1=" " ind2=" ">
			<marc:subfield code="a">UBB/DEP</marc:subfield>
			<marc:subfield code="b">UBBDEP</marc:subfield>
			<marc:subfield code="c">306.45 Pea</marc:subfield>
			<marc:subfield code="f">7</marc:subfield>
			<marc:subfield code="h">0</marc:subfield>
			<marc:subfield code="x">2015-07-12</marc:subfield>
		</marc:datafield>
		<marc:datafield tag="876" ind1=" " ind2=" ">
			<marc:subfield code="a">02d021710</marc:subfield>
			<marc:subfield code="d">20020528</marc:subfield>
			<marc:subfield code="j">kat</marc:subfield>
			<marc:subfield code="p">02d021710</marc:subfield>
		</marc:datafield>
	</marc:record>
	<marc:record format="MARC21" type="Holdings"  xmlns:marc="info:lc/xmlns/marcxchange-v1">
		<marc:leader>99999nx  a2299999ui 4500</marc:leader>
		<marc:controlfield tag="001">02uk12846</marc:controlfield>
		<marc:controlfield tag="004">020800231</marc:controlfield>
		<marc:controlfield tag="007">ta</marc:controlfield>
		<marc:controlfield tag="008">1507120|||||||||4   uu</marc:controlfield>
		<marc:controlfield tag="009">kat</marc:controlfield>
		<marc:datafield tag="014" ind1="1" ind2=" ">
			<marc:subfield code="a">020800231</marc:subfield>
			<marc:subfield code="b">(NO-TrBIB)</marc:subfield>
		</marc:datafield>
		<marc:datafield tag="852" ind1=" " ind2=" ">
			<marc:subfield code="a">NB</marc:subfield>
			<marc:subfield code="b">NB/DEP</marc:subfield>
			<marc:subfield code="c">NB/DEP 20140903uk</marc:subfield>
			<marc:subfield code="h">-</marc:subfield>
		</marc:datafield>
		<marc:datafield tag="859" ind1=" " ind2=" ">
			<marc:subfield code="a">NB/DEP</marc:subfield>
			<marc:subfield code="b">NB/DEP 20140903uk</marc:subfield>
			<marc:subfield code="f">7</marc:subfield>
			<marc:subfield code="h">0</marc:subfield>
			<marc:subfield code="x">2015-07-12</marc:subfield>
		</marc:datafield>
		<marc:datafield tag="876" ind1=" " ind2=" ">
			<marc:subfield code="a">02uk12846</marc:subfield>
			<marc:subfield code="d">20021202</marc:subfield>
			<marc:subfield code="j">kat</marc:subfield>
			<marc:subfield code="p">02uk12846</marc:subfield>
		</marc:datafield>
	</marc:record>
	<marc:record format="MARC21" type="Holdings"  xmlns:marc="info:lc/xmlns/marcxchange-v1">
		<marc:leader>99999nx  a2299999ui 4500</marc:leader>
		<marc:controlfield tag="001">02ur08951</marc:controlfield>
		<marc:controlfield tag="004">020800231</marc:controlfield>
		<marc:controlfield tag="007">ta</marc:controlfield>
		<marc:controlfield tag="008">1507120p||||||||4   uu</marc:controlfield>
		<marc:controlfield tag="009">kat</marc:controlfield>
		<marc:datafield tag="014" ind1="1" ind2=" ">
			<marc:subfield code="a">020800231</marc:subfield>
			<marc:subfield code="b">(NO-TrBIB)</marc:subfield>
		</marc:datafield>
		<marc:datafield tag="852" ind1=" " ind2=" ">
			<marc:subfield code="a">UBIS</marc:subfield>
			<marc:subfield code="b">UBIS</marc:subfield>
			<marc:subfield code="c">UBIS Magasin</marc:subfield>
			<marc:subfield code="h">530.09 PEA</marc:subfield>
			<marc:subfield code="x">IG</marc:subfield>
		</marc:datafield>
		<marc:datafield tag="859" ind1=" " ind2=" ">
			<marc:subfield code="a">UBIS</marc:subfield>
			<marc:subfield code="b">UBIS Magasin</marc:subfield>
			<marc:subfield code="c">530.09 PEA</marc:subfield>
			<marc:subfield code="f">7</marc:subfield>
			<marc:subfield code="h">0</marc:subfield>
			<marc:subfield code="x">2015-07-12</marc:subfield>
		</marc:datafield>
		<marc:datafield tag="876" ind1=" " ind2=" ">
			<marc:subfield code="a">02ur08951</marc:subfield>
			<marc:subfield code="d">20021108</marc:subfield>
			<marc:subfield code="j">kat</marc:subfield>
			<marc:subfield code="p">02ur08951</marc:subfield>
		</marc:datafield>
	</marc:record>
	<marc:record format="MARC21" type="Holdings"  xmlns:marc="info:lc/xmlns/marcxchange-v1">
		<marc:leader>99999nx  a2299999ui 4500</marc:leader>
		<marc:controlfield tag="001">02a041703</marc:controlfield>
		<marc:controlfield tag="004">020800231</marc:controlfield>
		<marc:controlfield tag="007">ta</marc:controlfield>
		<marc:controlfield tag="008">1507120p||||||||4   uu</marc:controlfield>
		<marc:controlfield tag="009">kat</marc:controlfield>
		<marc:datafield tag="014" ind1="1" ind2=" ">
			<marc:subfield code="a">020800231</marc:subfield>
			<marc:subfield code="b">(NO-TrBIB)</marc:subfield>
		</marc:datafield>
		<marc:datafield tag="852" ind1=" " ind2=" ">
			<marc:subfield code="a">NTNU-UB</marc:subfield>
			<marc:subfield code="b">NTNU/REA</marc:subfield>
			<marc:subfield code="c">REAL</marc:subfield>
			<marc:subfield code="h">53.01 P32f</marc:subfield>
		</marc:datafield>
		<marc:datafield tag="859" ind1=" " ind2=" ">
			<marc:subfield code="a">NTNU/REA</marc:subfield>
			<marc:subfield code="b">REAL</marc:subfield>
			<marc:subfield code="c">53.01 P32f</marc:subfield>
			<marc:subfield code="f">7</marc:subfield>
			<marc:subfield code="h">0</marc:subfield>
			<marc:subfield code="x">2015-07-12</marc:subfield>
		</marc:datafield>
		<marc:datafield tag="876" ind1=" " ind2=" ">
			<marc:subfield code="a">02a041703</marc:subfield>
			<marc:subfield code="d">20020821</marc:subfield>
			<marc:subfield code="j">kat</marc:subfield>
			<marc:subfield code="p">02a041703</marc:subfield>
		</marc:datafield>
	</marc:record>
	<marc:record format="MARC21" type="Holdings"  xmlns:marc="info:lc/xmlns/marcxchange-v1">
		<marc:leader>99999nx  a2299999ui 4500</marc:leader>
		<marc:controlfield tag="001">05c021594</marc:controlfield>
		<marc:controlfield tag="004">020800231</marc:controlfield>
		<marc:controlfield tag="007">ta</marc:controlfield>
		<marc:controlfield tag="008">1507120p||||||||4   uu</marc:controlfield>
		<marc:controlfield tag="009">kat</marc:controlfield>
		<marc:datafield tag="014" ind1="1" ind2=" ">
			<marc:subfield code="a">020800231</marc:subfield>
			<marc:subfield code="b">(NO-TrBIB)</marc:subfield>
		</marc:datafield>
		<marc:datafield tag="852" ind1=" " ind2=" ">
			<marc:subfield code="a">UIT-UB</marc:subfield>
			<marc:subfield code="b">UBT/KS</marc:subfield>
			<marc:subfield code="c">UBT/KS</marc:subfield>
			<marc:subfield code="h">001 Pea</marc:subfield>
			<marc:subfield code="x">vb</marc:subfield>
		</marc:datafield>
		<marc:datafield tag="859" ind1=" " ind2=" ">
			<marc:subfield code="a">UBT/KS</marc:subfield>
			<marc:subfield code="b">UBT/KS</marc:subfield>
			<marc:subfield code="c">001 Pea</marc:subfield>
			<marc:subfield code="f">7</marc:subfield>
			<marc:subfield code="h">0</marc:subfield>
			<marc:subfield code="x">2015-07-12</marc:subfield>
		</marc:datafield>
		<marc:datafield tag="876" ind1=" " ind2=" ">
			<marc:subfield code="a">05c021594</marc:subfield>
			<marc:subfield code="d">20051114</marc:subfield>
			<marc:subfield code="j">kat</marc:subfield>
			<marc:subfield code="p">134517ca0</marc:subfield>
		</marc:datafield>
	</marc:record>
	<marc:record format="MARC21" type="Holdings"  xmlns:marc="info:lc/xmlns/marcxchange-v1">
		<marc:leader>99999nx  a2299999ui 4500</marc:leader>
		<marc:controlfield tag="001">05c024939</marc:controlfield>
		<marc:controlfield tag="004">020800231</marc:controlfield>
		<marc:controlfield tag="007">ta</marc:controlfield>
		<marc:controlfield tag="008">1507120p||||||||4   uu</marc:controlfield>
		<marc:controlfield tag="009">kat</marc:controlfield>
		<marc:datafield tag="014" ind1="1" ind2=" ">
			<marc:subfield code="a">020800231</marc:subfield>
			<marc:subfield code="b">(NO-TrBIB)</marc:subfield>
		</marc:datafield>
		<marc:datafield tag="852" ind1=" " ind2=" ">
			<marc:subfield code="a">UIT-UB</marc:subfield>
			<marc:subfield code="b">UBT/NH</marc:subfield>
			<marc:subfield code="c">UBT/NH</marc:subfield>
			<marc:subfield code="h">530.09 PEA</marc:subfield>
			<marc:subfield code="x">MF</marc:subfield>
		</marc:datafield>
		<marc:datafield tag="859" ind1=" " ind2=" ">
			<marc:subfield code="a">UBT/NH</marc:subfield>
			<marc:subfield code="b">UBT/NH</marc:subfield>
			<marc:subfield code="c">530.09 PEA</marc:subfield>
			<marc:subfield code="f">7</marc:subfield>
			<marc:subfield code="h">0</marc:subfield>
			<marc:subfield code="x">2015-07-12</marc:subfield>
		</marc:datafield>
		<marc:datafield tag="876" ind1=" " ind2=" ">
			<marc:subfield code="a">05c024939</marc:subfield>
			<marc:subfield code="d">20060106</marc:subfield>
			<marc:subfield code="j">kat</marc:subfield>
			<marc:subfield code="p">066122ca0</marc:subfield>
		</marc:datafield>
	</marc:record>
	<marc:record format="MARC21" type="Holdings"  xmlns:marc="info:lc/xmlns/marcxchange-v1">
		<marc:leader>99999nx  a2299999ui 4500</marc:leader>
		<marc:controlfield tag="001">06c015359</marc:controlfield>
		<marc:controlfield tag="004">020800231</marc:controlfield>
		<marc:controlfield tag="007">ta</marc:controlfield>
		<marc:controlfield tag="008">1507120p||||||||4   uu</marc:controlfield>
		<marc:controlfield tag="009">kat</marc:controlfield>
		<marc:datafield tag="014" ind1="1" ind2=" ">
			<marc:subfield code="a">020800231</marc:subfield>
			<marc:subfield code="b">(NO-TrBIB)</marc:subfield>
		</marc:datafield>
		<marc:datafield tag="852" ind1=" " ind2=" ">
			<marc:subfield code="a">UIT-UB</marc:subfield>
			<marc:subfield code="b">UBT/KS</marc:subfield>
			<marc:subfield code="c">UBT/KS</marc:subfield>
			<marc:subfield code="h">001 Pea</marc:subfield>
			<marc:subfield code="x">RH/mas</marc:subfield>
		</marc:datafield>
		<marc:datafield tag="859" ind1=" " ind2=" ">
			<marc:subfield code="a">UBT/KS</marc:subfield>
			<marc:subfield code="b">UBT/KS</marc:subfield>
			<marc:subfield code="c">001 Pea</marc:subfield>
			<marc:subfield code="f">7</marc:subfield>
			<marc:subfield code="h">0</marc:subfield>
			<marc:subfield code="x">2015-07-12</marc:subfield>
		</marc:datafield>
		<marc:datafield tag="876" ind1=" " ind2=" ">
			<marc:subfield code="a">06c015359</marc:subfield>
			<marc:subfield code="d">20060526</marc:subfield>
			<marc:subfield code="j">kat</marc:subfield>
			<marc:subfield code="p">125166ca0</marc:subfield>
		</marc:datafield>
	</marc:record>
</marc:collection></metadata>
</record>