
<record>
<header>
 <identifier>oai:bibsys.no:collection:biblioholding:922377669</identifier>
 <datestamp>2015-07-10T21:06:40Z</datestamp>
<setSpec>urealSamling42</setSpec>
</header>
<metadata>
<marc:collection>
	<marc:record format="MARC21" type="Bibliographic"  xmlns:marc="info:lc/xmlns/marcxchange-v1">
		<marc:leader>99999cam a2299999 u 4500</marc:leader>
		<marc:controlfield tag="001">922377669</marc:controlfield>
		<marc:controlfield tag="003">NO-TrBIB</marc:controlfield>
		<marc:controlfield tag="005">20150710210640.0</marc:controlfield>
		<marc:controlfield tag="007">ta</marc:controlfield>
		<marc:controlfield tag="008">150710s1992    xx#|||||||||||000|u|dan| </marc:controlfield>
		<marc:datafield tag="020" ind1=" " ind2=" ">
			<marc:subfield code="a">8757113858</marc:subfield>
		</marc:datafield>
		<marc:datafield tag="035" ind1=" " ind2=" ">
			<marc:subfield code="a">(NO-TrBIB)922377669</marc:subfield>
		</marc:datafield>
		<marc:datafield tag="040" ind1=" " ind2=" ">
			<marc:subfield code="a">NO-OsNB</marc:subfield>
			<marc:subfield code="b">nob</marc:subfield>
			<marc:subfield code="e">katreg</marc:subfield>
		</marc:datafield>
		<marc:datafield tag="080" ind1=" " ind2=" ">
			<marc:subfield code="a">621.16(489)</marc:subfield>
		</marc:datafield>
		<marc:datafield tag="080" ind1=" " ind2=" ">
			<marc:subfield code="a">6(091)</marc:subfield>
		</marc:datafield>
		<marc:datafield tag="080" ind1=" " ind2=" ">
			<marc:subfield code="a">621.11(489)</marc:subfield>
		</marc:datafield>
		<marc:datafield tag="080" ind1=" " ind2=" ">
			<marc:subfield code="a">621.1(09)</marc:subfield>
		</marc:datafield>
		<marc:datafield tag="084" ind1=" " ind2=" ">
			<marc:subfield code="a">Fa:6</marc:subfield>
			<marc:subfield code="2">utk</marc:subfield>
		</marc:datafield>
		<marc:datafield tag="084" ind1=" " ind2=" ">
			<marc:subfield code="a">Fa:38</marc:subfield>
			<marc:subfield code="2">utk</marc:subfield>
		</marc:datafield>
		<marc:datafield tag="092" ind1=" " ind2=" ">
			<marc:subfield code="a">621.109</marc:subfield>
			<marc:subfield code="q">NoOU</marc:subfield>
			<marc:subfield code="9">LOCAL</marc:subfield>
			<marc:subfield code="BIBLIOTEK">k</marc:subfield>
		</marc:datafield>
		<marc:datafield tag="097" ind1=" " ind2=" ">
			<marc:subfield code="a">fa1937</marc:subfield>
			<marc:subfield code="9">LOCAL</marc:subfield>
			<marc:subfield code="BIBLIOTEK">k</marc:subfield>
		</marc:datafield>
		<marc:datafield tag="245" ind1="0" ind2="0">
			<marc:subfield code="a">I røg og damp :</marc:subfield>
			<marc:subfield code="b">dampmaskinens indførelse i Danmark 1760-1840</marc:subfield>
			<marc:subfield code="c">redaktion: Helge Kragh</marc:subfield>
		</marc:datafield>
		<marc:datafield tag="260" ind1=" " ind2=" ">
			<marc:subfield code="a">København</marc:subfield>
			<marc:subfield code="b">Teknisk Forlag</marc:subfield>
			<marc:subfield code="c">1992</marc:subfield>
		</marc:datafield>
		<marc:datafield tag="300" ind1=" " ind2=" ">
			<marc:subfield code="a">111 s.</marc:subfield>
			<marc:subfield code="b">ill.</marc:subfield>
		</marc:datafield>
		<marc:datafield tag="650" ind1=" " ind2="7">
			<marc:subfield code="a">historikk</marc:subfield>
			<marc:subfield code="2">ordnok</marc:subfield>
		</marc:datafield>
		<marc:datafield tag="650" ind1=" " ind2="7">
			<marc:subfield code="a">1760 - 1840</marc:subfield>
			<marc:subfield code="2">ordnok</marc:subfield>
		</marc:datafield>
		<marc:datafield tag="650" ind1=" " ind2="7">
			<marc:subfield code="a">[dampmaskiner]</marc:subfield>
			<marc:subfield code="2">ordnok</marc:subfield>
		</marc:datafield>
		<marc:datafield tag="650" ind1=" " ind2="7">
			<marc:subfield code="a">teknikk</marc:subfield>
			<marc:subfield code="2">ordnok</marc:subfield>
		</marc:datafield>
		<marc:datafield tag="650" ind1=" " ind2="7">
			<marc:subfield code="a">tekniske / industrielle kulturminner</marc:subfield>
			<marc:subfield code="2">ordnok</marc:subfield>
		</marc:datafield>
		<marc:datafield tag="650" ind1=" " ind2="7">
			<marc:subfield code="a">danmark</marc:subfield>
			<marc:subfield code="2">ordnok</marc:subfield>
		</marc:datafield>
		<marc:datafield tag="650" ind1=" " ind2="7">
			<marc:subfield code="a">Dampmaskiner</marc:subfield>
			<marc:subfield code="2">humord</marc:subfield>
		</marc:datafield>
		<marc:datafield tag="650" ind1=" " ind2="7">
			<marc:subfield code="a">Danmark</marc:subfield>
			<marc:subfield code="2">humord</marc:subfield>
		</marc:datafield>
		<marc:datafield tag="650" ind1=" " ind2="7">
			<marc:subfield code="a">Energi</marc:subfield>
			<marc:subfield code="2">humord</marc:subfield>
		</marc:datafield>
		<marc:datafield tag="650" ind1=" " ind2="7">
			<marc:subfield code="a">Teknologi</marc:subfield>
			<marc:subfield code="2">humord</marc:subfield>
		</marc:datafield>
		<marc:datafield tag="650" ind1=" " ind2="7">
			<marc:subfield code="a">1700-tallet</marc:subfield>
			<marc:subfield code="2">humord</marc:subfield>
		</marc:datafield>
		<marc:datafield tag="650" ind1=" " ind2="7">
			<marc:subfield code="a">1800-tallet</marc:subfield>
			<marc:subfield code="2">humord</marc:subfield>
		</marc:datafield>
		<marc:datafield tag="650" ind1=" " ind2="7">
			<marc:subfield code="a">Historisk framstilling</marc:subfield>
			<marc:subfield code="2">humord</marc:subfield>
		</marc:datafield>
		<marc:datafield tag="650" ind1=" " ind2="7">
			<marc:subfield code="a">Dampmaskiner</marc:subfield>
			<marc:subfield code="v">Historie</marc:subfield>
			<marc:subfield code="z">Danmark</marc:subfield>
			<marc:subfield code="2">tekord</marc:subfield>
		</marc:datafield>
		<marc:datafield tag="653" ind1=" " ind2=" ">
			<marc:subfield code="a">danmark</marc:subfield>
		</marc:datafield>
		<marc:datafield tag="653" ind1=" " ind2=" ">
			<marc:subfield code="a">dampmaskiner</marc:subfield>
		</marc:datafield>
		<marc:datafield tag="653" ind1=" " ind2=" ">
			<marc:subfield code="a">1700-tallet</marc:subfield>
		</marc:datafield>
		<marc:datafield tag="653" ind1=" " ind2=" ">
			<marc:subfield code="a">1800-tallet</marc:subfield>
		</marc:datafield>
		<marc:datafield tag="653" ind1=" " ind2=" ">
			<marc:subfield code="a">energi</marc:subfield>
		</marc:datafield>
		<marc:datafield tag="653" ind1=" " ind2=" ">
			<marc:subfield code="a">teknologihistorie</marc:subfield>
		</marc:datafield>
		<marc:datafield tag="653" ind1=" " ind2=" ">
			<marc:subfield code="a">historie</marc:subfield>
		</marc:datafield>
		<marc:datafield tag="690" ind1=" " ind2=" ">
			<marc:subfield code="a">Dampmaskiner</marc:subfield>
			<marc:subfield code="v">Historie</marc:subfield>
			<marc:subfield code="9">LOCAL</marc:subfield>
			<marc:subfield code="BIBLIOTEK">wf</marc:subfield>
		</marc:datafield>
		<marc:datafield tag="690" ind1=" " ind2=" ">
			<marc:subfield code="a">Teknikkhistorie</marc:subfield>
			<marc:subfield code="9">LOCAL</marc:subfield>
			<marc:subfield code="BIBLIOTEK">wf</marc:subfield>
		</marc:datafield>
		<marc:datafield tag="690" ind1=" " ind2=" ">
			<marc:subfield code="a">Danmark</marc:subfield>
			<marc:subfield code="9">LOCAL</marc:subfield>
			<marc:subfield code="BIBLIOTEK">wf</marc:subfield>
		</marc:datafield>
		<marc:datafield tag="690" ind1=" " ind2=" ">
			<marc:subfield code="a">Dampmaskiner</marc:subfield>
			<marc:subfield code="9">LOCAL</marc:subfield>
			<marc:subfield code="BIBLIOTEK">wg</marc:subfield>
		</marc:datafield>
		<marc:datafield tag="690" ind1=" " ind2=" ">
			<marc:subfield code="a">Teknologi. Historie</marc:subfield>
			<marc:subfield code="9">LOCAL</marc:subfield>
			<marc:subfield code="BIBLIOTEK">wg</marc:subfield>
		</marc:datafield>
		<marc:datafield tag="690" ind1=" " ind2=" ">
			<marc:subfield code="a">Industrihistorie. Danmark</marc:subfield>
			<marc:subfield code="9">LOCAL</marc:subfield>
			<marc:subfield code="BIBLIOTEK">wg</marc:subfield>
		</marc:datafield>
		<marc:datafield tag="700" ind1="1" ind2=" ">
			<marc:subfield code="a">Kragh, Helge</marc:subfield>
			<marc:subfield code="0">(NO-TrBIB)x90168538</marc:subfield>
		</marc:datafield>
		<marc:datafield tag="901" ind1=" " ind2=" ">
			<marc:subfield code="a">80</marc:subfield>
		</marc:datafield>
	</marc:record>
	<marc:record format="MARC21" type="Holdings"  xmlns:marc="info:lc/xmlns/marcxchange-v1">
		<marc:leader>99999nx  a2299999ui 4500</marc:leader>
		<marc:controlfield tag="001">95a014372</marc:controlfield>
		<marc:controlfield tag="004">922377669</marc:controlfield>
		<marc:controlfield tag="007">ta</marc:controlfield>
		<marc:controlfield tag="008">1507120g||||||||4   uu</marc:controlfield>
		<marc:controlfield tag="009">kat</marc:controlfield>
		<marc:datafield tag="014" ind1="1" ind2=" ">
			<marc:subfield code="a">922377669</marc:subfield>
			<marc:subfield code="b">(NO-TrBIB)</marc:subfield>
		</marc:datafield>
		<marc:datafield tag="852" ind1=" " ind2=" ">
			<marc:subfield code="a">NTNU-UB</marc:subfield>
			<marc:subfield code="b">NTNU/DOR</marc:subfield>
			<marc:subfield code="c">DORA</marc:subfield>
			<marc:subfield code="h">64195</marc:subfield>
			<marc:subfield code="x">Tidligere plassering TEK</marc:subfield>
		</marc:datafield>
		<marc:datafield tag="859" ind1=" " ind2=" ">
			<marc:subfield code="a">NTNU/DOR</marc:subfield>
			<marc:subfield code="b">DORA</marc:subfield>
			<marc:subfield code="c">64195</marc:subfield>
			<marc:subfield code="f">7</marc:subfield>
			<marc:subfield code="h">0</marc:subfield>
			<marc:subfield code="x">2015-07-12</marc:subfield>
		</marc:datafield>
		<marc:datafield tag="876" ind1=" " ind2=" ">
			<marc:subfield code="a">95a014372</marc:subfield>
			<marc:subfield code="d">19950726</marc:subfield>
			<marc:subfield code="j">kat</marc:subfield>
			<marc:subfield code="p">95a014372</marc:subfield>
		</marc:datafield>
	</marc:record>
	<marc:record format="MARC21" type="Holdings"  xmlns:marc="info:lc/xmlns/marcxchange-v1">
		<marc:leader>99999nx  a2299999ui 4500</marc:leader>
		<marc:controlfield tag="001">76g152374</marc:controlfield>
		<marc:controlfield tag="004">922377669</marc:controlfield>
		<marc:controlfield tag="007">ta</marc:controlfield>
		<marc:controlfield tag="008">1507120|||||||||4   uu</marc:controlfield>
		<marc:controlfield tag="009">mini</marc:controlfield>
		<marc:datafield tag="014" ind1="1" ind2=" ">
			<marc:subfield code="a">922377669</marc:subfield>
			<marc:subfield code="b">(NO-TrBIB)</marc:subfield>
		</marc:datafield>
		<marc:datafield tag="852" ind1=" " ind2=" ">
			<marc:subfield code="a">NB</marc:subfield>
			<marc:subfield code="b">NB/DEP</marc:subfield>
			<marc:subfield code="c">NB/DEP a</marc:subfield>
			<marc:subfield code="h">-</marc:subfield>
		</marc:datafield>
		<marc:datafield tag="859" ind1=" " ind2=" ">
			<marc:subfield code="a">NB/DEP</marc:subfield>
			<marc:subfield code="b">NB/DEP a</marc:subfield>
			<marc:subfield code="f">7</marc:subfield>
			<marc:subfield code="h">0</marc:subfield>
			<marc:subfield code="x">2015-07-12</marc:subfield>
		</marc:datafield>
		<marc:datafield tag="876" ind1=" " ind2=" ">
			<marc:subfield code="a">76g152374</marc:subfield>
			<marc:subfield code="j">mini</marc:subfield>
			<marc:subfield code="p">76g152374</marc:subfield>
		</marc:datafield>
	</marc:record>
	<marc:record format="MARC21" type="Holdings"  xmlns:marc="info:lc/xmlns/marcxchange-v1">
		<marc:leader>99999nx  a2299999ui 4500</marc:leader>
		<marc:controlfield tag="001">93ka09435</marc:controlfield>
		<marc:controlfield tag="004">922377669</marc:controlfield>
		<marc:controlfield tag="007">ta</marc:controlfield>
		<marc:controlfield tag="008">1507120p||||||||4   uu</marc:controlfield>
		<marc:controlfield tag="009">kat</marc:controlfield>
		<marc:datafield tag="014" ind1="1" ind2=" ">
			<marc:subfield code="a">922377669</marc:subfield>
			<marc:subfield code="b">(NO-TrBIB)</marc:subfield>
		</marc:datafield>
		<marc:datafield tag="852" ind1=" " ind2=" ">
			<marc:subfield code="a">UBO</marc:subfield>
			<marc:subfield code="b">UHS</marc:subfield>
			<marc:subfield code="c">UHS</marc:subfield>
			<marc:subfield code="h">621.109 I</marc:subfield>
			<marc:subfield code="x">PN</marc:subfield>
		</marc:datafield>
		<marc:datafield tag="859" ind1=" " ind2=" ">
			<marc:subfield code="a">UHS</marc:subfield>
			<marc:subfield code="b">UHS</marc:subfield>
			<marc:subfield code="c">621.109 I</marc:subfield>
			<marc:subfield code="f">7</marc:subfield>
			<marc:subfield code="h">0</marc:subfield>
			<marc:subfield code="x">2015-07-12</marc:subfield>
		</marc:datafield>
		<marc:datafield tag="876" ind1=" " ind2=" ">
			<marc:subfield code="a">93ka09435</marc:subfield>
			<marc:subfield code="d">19931005</marc:subfield>
			<marc:subfield code="j">kat</marc:subfield>
			<marc:subfield code="p">067529kj0</marc:subfield>
		</marc:datafield>
	</marc:record>
	<marc:record format="MARC21" type="Holdings"  xmlns:marc="info:lc/xmlns/marcxchange-v1">
		<marc:leader>99999nx  a2299999ui 4500</marc:leader>
		<marc:controlfield tag="001">96ns00036</marc:controlfield>
		<marc:controlfield tag="004">922377669</marc:controlfield>
		<marc:controlfield tag="007">ta</marc:controlfield>
		<marc:controlfield tag="008">1507120g||||||||4   uu</marc:controlfield>
		<marc:controlfield tag="009">kat</marc:controlfield>
		<marc:datafield tag="014" ind1="1" ind2=" ">
			<marc:subfield code="a">922377669</marc:subfield>
			<marc:subfield code="b">(NO-TrBIB)</marc:subfield>
		</marc:datafield>
		<marc:datafield tag="852" ind1=" " ind2=" ">
			<marc:subfield code="a">UBO</marc:subfield>
			<marc:subfield code="b">UREAL</marc:subfield>
			<marc:subfield code="c">UREAL Samling 42</marc:subfield>
			<marc:subfield code="h">FA 1937</marc:subfield>
		</marc:datafield>
		<marc:datafield tag="859" ind1=" " ind2=" ">
			<marc:subfield code="a">UREAL</marc:subfield>
			<marc:subfield code="b">UREAL Samling 42</marc:subfield>
			<marc:subfield code="c">FA 1937</marc:subfield>
			<marc:subfield code="f">7</marc:subfield>
			<marc:subfield code="h">0</marc:subfield>
			<marc:subfield code="x">2015-07-12</marc:subfield>
		</marc:datafield>
		<marc:datafield tag="876" ind1=" " ind2=" ">
			<marc:subfield code="a">96ns00036</marc:subfield>
			<marc:subfield code="d">19960228</marc:subfield>
			<marc:subfield code="j">kat</marc:subfield>
			<marc:subfield code="p">96ns00036</marc:subfield>
		</marc:datafield>
	</marc:record>
	<marc:record format="MARC21" type="Holdings"  xmlns:marc="info:lc/xmlns/marcxchange-v1">
		<marc:leader>99999nx  a2299999ui 4500</marc:leader>
		<marc:controlfield tag="001">99wa08391</marc:controlfield>
		<marc:controlfield tag="004">922377669</marc:controlfield>
		<marc:controlfield tag="007">ta</marc:controlfield>
		<marc:controlfield tag="008">1507120|||||||||4   uu</marc:controlfield>
		<marc:controlfield tag="009">mini</marc:controlfield>
		<marc:datafield tag="014" ind1="1" ind2=" ">
			<marc:subfield code="a">922377669</marc:subfield>
			<marc:subfield code="b">(NO-TrBIB)</marc:subfield>
		</marc:datafield>
		<marc:datafield tag="852" ind1=" " ind2=" ">
			<marc:subfield code="a">RIKSANT</marc:subfield>
			<marc:subfield code="b">RIKSANT</marc:subfield>
			<marc:subfield code="c">RIKSANT</marc:subfield>
			<marc:subfield code="h">G6 Irø</marc:subfield>
			<marc:subfield code="x">fra Danmark, gave;</marc:subfield>
		</marc:datafield>
		<marc:datafield tag="859" ind1=" " ind2=" ">
			<marc:subfield code="a">RIKSANT</marc:subfield>
			<marc:subfield code="b">RIKSANT</marc:subfield>
			<marc:subfield code="c">G6 Irø</marc:subfield>
			<marc:subfield code="f">7</marc:subfield>
			<marc:subfield code="h">0</marc:subfield>
			<marc:subfield code="x">2015-07-12</marc:subfield>
		</marc:datafield>
		<marc:datafield tag="876" ind1=" " ind2=" ">
			<marc:subfield code="a">99wa08391</marc:subfield>
			<marc:subfield code="j">mini</marc:subfield>
			<marc:subfield code="p">99wa08391</marc:subfield>
		</marc:datafield>
	</marc:record>
	<marc:record format="MARC21" type="Holdings"  xmlns:marc="info:lc/xmlns/marcxchange-v1">
		<marc:leader>99999nx  a2299999ui 4500</marc:leader>
		<marc:controlfield tag="001">00wf03938</marc:controlfield>
		<marc:controlfield tag="004">922377669</marc:controlfield>
		<marc:controlfield tag="007">ta</marc:controlfield>
		<marc:controlfield tag="008">1507120|||||||||4   uu</marc:controlfield>
		<marc:controlfield tag="009">mini</marc:controlfield>
		<marc:datafield tag="014" ind1="1" ind2=" ">
			<marc:subfield code="a">922377669</marc:subfield>
			<marc:subfield code="b">(NO-TrBIB)</marc:subfield>
		</marc:datafield>
		<marc:datafield tag="852" ind1=" " ind2=" ">
			<marc:subfield code="a">TEKNMUS</marc:subfield>
			<marc:subfield code="b">TEKNMUS</marc:subfield>
			<marc:subfield code="c">TEKNMUS</marc:subfield>
			<marc:subfield code="h">621.16(091)(489) Kra</marc:subfield>
			<marc:subfield code="t">1</marc:subfield>
		</marc:datafield>
		<marc:datafield tag="859" ind1=" " ind2=" ">
			<marc:subfield code="a">TEKNMUS</marc:subfield>
			<marc:subfield code="b">TEKNMUS</marc:subfield>
			<marc:subfield code="c">621.16(091)(489) Kra</marc:subfield>
			<marc:subfield code="f">7</marc:subfield>
			<marc:subfield code="h">0</marc:subfield>
			<marc:subfield code="x">2015-07-12</marc:subfield>
		</marc:datafield>
		<marc:datafield tag="876" ind1=" " ind2=" ">
			<marc:subfield code="a">00wf03938</marc:subfield>
			<marc:subfield code="j">mini</marc:subfield>
			<marc:subfield code="p">00wf03938</marc:subfield>
		</marc:datafield>
	</marc:record>
	<marc:record format="MARC21" type="Holdings"  xmlns:marc="info:lc/xmlns/marcxchange-v1">
		<marc:leader>99999nx  a2299999ui 4500</marc:leader>
		<marc:controlfield tag="001">03wg20343</marc:controlfield>
		<marc:controlfield tag="004">922377669</marc:controlfield>
		<marc:controlfield tag="007">ta</marc:controlfield>
		<marc:controlfield tag="008">1507120|||||||||4   uu</marc:controlfield>
		<marc:controlfield tag="009">mini</marc:controlfield>
		<marc:datafield tag="014" ind1="1" ind2=" ">
			<marc:subfield code="a">922377669</marc:subfield>
			<marc:subfield code="b">(NO-TrBIB)</marc:subfield>
		</marc:datafield>
		<marc:datafield tag="852" ind1=" " ind2=" ">
			<marc:subfield code="a">STAVMUS</marc:subfield>
			<marc:subfield code="b">STAVMUS</marc:subfield>
			<marc:subfield code="c">STAVMUS bibl</marc:subfield>
			<marc:subfield code="h">621.11(489) Irø</marc:subfield>
			<marc:subfield code="t">1</marc:subfield>
			<marc:subfield code="x">1:207/95. Selskabet til bevaring av industrimiljøe. fått som abonn. på Fabrik og bolig</marc:subfield>
		</marc:datafield>
		<marc:datafield tag="859" ind1=" " ind2=" ">
			<marc:subfield code="a">STAVMUS</marc:subfield>
			<marc:subfield code="b">STAVMUS bibl</marc:subfield>
			<marc:subfield code="c">621.11(489) Irø</marc:subfield>
			<marc:subfield code="f">7</marc:subfield>
			<marc:subfield code="h">0</marc:subfield>
			<marc:subfield code="x">2015-07-12</marc:subfield>
		</marc:datafield>
		<marc:datafield tag="876" ind1=" " ind2=" ">
			<marc:subfield code="a">03wg20343</marc:subfield>
			<marc:subfield code="j">mini</marc:subfield>
			<marc:subfield code="p">014279wg0</marc:subfield>
		</marc:datafield>
	</marc:record>
</marc:collection></metadata>
</record>