
<record>
<header>
 <identifier>oai:bibsys.no:collection:biblioholding:874176522</identifier>
 <datestamp>2015-07-10T21:02:50Z</datestamp>
<setSpec>urealSamling42</setSpec>
</header>
<metadata>
<marc:collection>
	<marc:record format="MARC21" type="Bibliographic"  xmlns:marc="info:lc/xmlns/marcxchange-v1">
		<marc:leader>99999cam a2299999 u 4500</marc:leader>
		<marc:controlfield tag="001">874176522</marc:controlfield>
		<marc:controlfield tag="003">NO-TrBIB</marc:controlfield>
		<marc:controlfield tag="005">20150710210250.0</marc:controlfield>
		<marc:controlfield tag="007">ta</marc:controlfield>
		<marc:controlfield tag="008">150710s1987    xx#|||||||||||000|u|nob|d</marc:controlfield>
		<marc:datafield tag="015" ind1=" " ind2=" ">
			<marc:subfield code="a">8701633</marc:subfield>
			<marc:subfield code="2">nbf</marc:subfield>
		</marc:datafield>
		<marc:datafield tag="020" ind1=" " ind2=" ">
			<marc:subfield code="a">8200033252</marc:subfield>
			<marc:subfield code="q">h.</marc:subfield>
			<marc:subfield code="c">Nkr 85.00</marc:subfield>
		</marc:datafield>
		<marc:datafield tag="035" ind1=" " ind2=" ">
			<marc:subfield code="a">(NO-TrBIB)874176522</marc:subfield>
		</marc:datafield>
		<marc:datafield tag="040" ind1=" " ind2=" ">
			<marc:subfield code="a">NO-TrBIB</marc:subfield>
			<marc:subfield code="b">nob</marc:subfield>
			<marc:subfield code="e">katreg</marc:subfield>
		</marc:datafield>
		<marc:datafield tag="044" ind1=" " ind2=" ">
			<marc:subfield code="c">no</marc:subfield>
		</marc:datafield>
		<marc:datafield tag="080" ind1=" " ind2=" ">
			<marc:subfield code="a">519.2-77</marc:subfield>
		</marc:datafield>
		<marc:datafield tag="080" ind1=" " ind2=" ">
			<marc:subfield code="a">519.873</marc:subfield>
		</marc:datafield>
		<marc:datafield tag="080" ind1=" " ind2=" ">
			<marc:subfield code="a">519.21</marc:subfield>
		</marc:datafield>
		<marc:datafield tag="080" ind1=" " ind2=" ">
			<marc:subfield code="a">519.816</marc:subfield>
		</marc:datafield>
		<marc:datafield tag="080" ind1=" " ind2=" ">
			<marc:subfield code="a">519.2</marc:subfield>
		</marc:datafield>
		<marc:datafield tag="082" ind1="7" ind2="4">
			<marc:subfield code="a">620.004</marc:subfield>
			<marc:subfield code="q">NO-OsNB</marc:subfield>
			<marc:subfield code="2">4/nor</marc:subfield>
		</marc:datafield>
		<marc:datafield tag="084" ind1=" " ind2=" ">
			<marc:subfield code="a">Fa:12</marc:subfield>
			<marc:subfield code="2">utk</marc:subfield>
		</marc:datafield>
		<marc:datafield tag="084" ind1=" " ind2=" ">
			<marc:subfield code="a">Fa:16</marc:subfield>
			<marc:subfield code="2">utk</marc:subfield>
		</marc:datafield>
		<marc:datafield tag="084" ind1=" " ind2=" ">
			<marc:subfield code="a">62N05</marc:subfield>
			<marc:subfield code="2">msc</marc:subfield>
		</marc:datafield>
		<marc:datafield tag="084" ind1=" " ind2=" ">
			<marc:subfield code="a">60</marc:subfield>
			<marc:subfield code="2">msc</marc:subfield>
		</marc:datafield>
		<marc:datafield tag="084" ind1=" " ind2=" ">
			<marc:subfield code="a">Qa 22</marc:subfield>
			<marc:subfield code="2">ubtkl/2</marc:subfield>
		</marc:datafield>
		<marc:datafield tag="084" ind1=" " ind2=" ">
			<marc:subfield code="a">a0175</marc:subfield>
			<marc:subfield code="q">NoOU</marc:subfield>
			<marc:subfield code="2">inspec</marc:subfield>
		</marc:datafield>
		<marc:datafield tag="084" ind1=" " ind2=" ">
			<marc:subfield code="a">a0250</marc:subfield>
			<marc:subfield code="q">NoOU</marc:subfield>
			<marc:subfield code="2">inspec</marc:subfield>
		</marc:datafield>
		<marc:datafield tag="092" ind1=" " ind2=" ">
			<marc:subfield code="a">300.1519287</marc:subfield>
			<marc:subfield code="q">NoBeU</marc:subfield>
			<marc:subfield code="9">LOCAL</marc:subfield>
			<marc:subfield code="BIBLIOTEK">d</marc:subfield>
		</marc:datafield>
		<marc:datafield tag="092" ind1=" " ind2=" ">
			<marc:subfield code="a">519.2</marc:subfield>
			<marc:subfield code="9">LOCAL</marc:subfield>
			<marc:subfield code="BIBLIOTEK">uf</marc:subfield>
		</marc:datafield>
		<marc:datafield tag="092" ind1=" " ind2=" ">
			<marc:subfield code="a">519.2</marc:subfield>
			<marc:subfield code="9">LOCAL</marc:subfield>
			<marc:subfield code="BIBLIOTEK">um</marc:subfield>
		</marc:datafield>
		<marc:datafield tag="092" ind1=" " ind2=" ">
			<marc:subfield code="a">519.2</marc:subfield>
			<marc:subfield code="9">LOCAL</marc:subfield>
			<marc:subfield code="BIBLIOTEK">ur</marc:subfield>
		</marc:datafield>
		<marc:datafield tag="092" ind1=" " ind2=" ">
			<marc:subfield code="a">519</marc:subfield>
			<marc:subfield code="9">LOCAL</marc:subfield>
			<marc:subfield code="BIBLIOTEK">xn</marc:subfield>
		</marc:datafield>
		<marc:datafield tag="092" ind1=" " ind2=" ">
			<marc:subfield code="a">620.004</marc:subfield>
			<marc:subfield code="9">LOCAL</marc:subfield>
			<marc:subfield code="BIBLIOTEK">xn</marc:subfield>
		</marc:datafield>
		<marc:datafield tag="092" ind1=" " ind2=" ">
			<marc:subfield code="a">620.004</marc:subfield>
			<marc:subfield code="9">LOCAL</marc:subfield>
			<marc:subfield code="BIBLIOTEK">xs</marc:subfield>
		</marc:datafield>
		<marc:datafield tag="092" ind1=" " ind2=" ">
			<marc:subfield code="a">519.2</marc:subfield>
			<marc:subfield code="9">LOCAL</marc:subfield>
			<marc:subfield code="BIBLIOTEK">ux</marc:subfield>
		</marc:datafield>
		<marc:datafield tag="092" ind1=" " ind2=" ">
			<marc:subfield code="a">333.79</marc:subfield>
			<marc:subfield code="9">LOCAL</marc:subfield>
			<marc:subfield code="BIBLIOTEK">ux</marc:subfield>
		</marc:datafield>
		<marc:datafield tag="092" ind1=" " ind2=" ">
			<marc:subfield code="a">001.422</marc:subfield>
			<marc:subfield code="9">LOCAL</marc:subfield>
			<marc:subfield code="BIBLIOTEK">ua</marc:subfield>
		</marc:datafield>
		<marc:datafield tag="092" ind1=" " ind2=" ">
			<marc:subfield code="a">363.1</marc:subfield>
			<marc:subfield code="9">LOCAL</marc:subfield>
			<marc:subfield code="BIBLIOTEK">ua</marc:subfield>
		</marc:datafield>
		<marc:datafield tag="092" ind1=" " ind2=" ">
			<marc:subfield code="a">519.2</marc:subfield>
			<marc:subfield code="9">LOCAL</marc:subfield>
			<marc:subfield code="BIBLIOTEK">ud</marc:subfield>
		</marc:datafield>
		<marc:datafield tag="092" ind1=" " ind2=" ">
			<marc:subfield code="a">515.2</marc:subfield>
			<marc:subfield code="9">LOCAL</marc:subfield>
			<marc:subfield code="BIBLIOTEK">un</marc:subfield>
		</marc:datafield>
		<marc:datafield tag="092" ind1=" " ind2=" ">
			<marc:subfield code="a">620.004</marc:subfield>
			<marc:subfield code="9">LOCAL</marc:subfield>
			<marc:subfield code="BIBLIOTEK">xb</marc:subfield>
		</marc:datafield>
		<marc:datafield tag="092" ind1=" " ind2=" ">
			<marc:subfield code="a">519.2</marc:subfield>
			<marc:subfield code="9">LOCAL</marc:subfield>
			<marc:subfield code="BIBLIOTEK">uk</marc:subfield>
		</marc:datafield>
		<marc:datafield tag="092" ind1=" " ind2=" ">
			<marc:subfield code="a">519.2</marc:subfield>
			<marc:subfield code="9">LOCAL</marc:subfield>
			<marc:subfield code="BIBLIOTEK">c</marc:subfield>
		</marc:datafield>
		<marc:datafield tag="092" ind1=" " ind2=" ">
			<marc:subfield code="a">519.2</marc:subfield>
			<marc:subfield code="q">NoOU</marc:subfield>
			<marc:subfield code="9">LOCAL</marc:subfield>
			<marc:subfield code="BIBLIOTEK">k</marc:subfield>
		</marc:datafield>
		<marc:datafield tag="097" ind1=" " ind2=" ">
			<marc:subfield code="a">0.2nat</marc:subfield>
			<marc:subfield code="9">LOCAL</marc:subfield>
			<marc:subfield code="BIBLIOTEK">k</marc:subfield>
		</marc:datafield>
		<marc:datafield tag="097" ind1=" " ind2=" ">
			<marc:subfield code="a">a0175</marc:subfield>
			<marc:subfield code="9">LOCAL</marc:subfield>
			<marc:subfield code="BIBLIOTEK">k</marc:subfield>
		</marc:datafield>
		<marc:datafield tag="097" ind1=" " ind2=" ">
			<marc:subfield code="a">a0250</marc:subfield>
			<marc:subfield code="9">LOCAL</marc:subfield>
			<marc:subfield code="BIBLIOTEK">k</marc:subfield>
		</marc:datafield>
		<marc:datafield tag="097" ind1=" " ind2=" ">
			<marc:subfield code="a">60</marc:subfield>
			<marc:subfield code="9">LOCAL</marc:subfield>
			<marc:subfield code="BIBLIOTEK">k</marc:subfield>
		</marc:datafield>
		<marc:datafield tag="097" ind1=" " ind2=" ">
			<marc:subfield code="a">fa2809</marc:subfield>
			<marc:subfield code="9">LOCAL</marc:subfield>
			<marc:subfield code="BIBLIOTEK">k</marc:subfield>
		</marc:datafield>
		<marc:datafield tag="100" ind1="1" ind2=" ">
			<marc:subfield code="a">Natvig, Bent</marc:subfield>
			<marc:subfield code="0">(NO-TrBIB)x90072081</marc:subfield>
		</marc:datafield>
		<marc:datafield tag="245" ind1="1" ind2="0">
			<marc:subfield code="a">Sannsynlighetsvurderinger i atomalderen</marc:subfield>
			<marc:subfield code="c">Bent Natvig</marc:subfield>
		</marc:datafield>
		<marc:datafield tag="260" ind1=" " ind2=" ">
			<marc:subfield code="a">Oslo</marc:subfield>
			<marc:subfield code="b">Universitetsforlaget</marc:subfield>
			<marc:subfield code="c">cop. 1987</marc:subfield>
		</marc:datafield>
		<marc:datafield tag="300" ind1=" " ind2=" ">
			<marc:subfield code="a">104 s.</marc:subfield>
			<marc:subfield code="c">22 cm</marc:subfield>
		</marc:datafield>
		<marc:datafield tag="650" ind1=" " ind2="7">
			<marc:subfield code="a">Statistisk teori</marc:subfield>
			<marc:subfield code="2">noubomn</marc:subfield>
		</marc:datafield>
		<marc:datafield tag="650" ind1=" " ind2="7">
			<marc:subfield code="a">Risikoanalyse</marc:subfield>
			<marc:subfield code="2">noubomn</marc:subfield>
		</marc:datafield>
		<marc:datafield tag="650" ind1=" " ind2="7">
			<marc:subfield code="a">Matematisk risikoanalyse</marc:subfield>
			<marc:subfield code="2">noubomn</marc:subfield>
		</marc:datafield>
		<marc:datafield tag="650" ind1=" " ind2="7">
			<marc:subfield code="a">Sikkerhet</marc:subfield>
			<marc:subfield code="2">noubomn</marc:subfield>
		</marc:datafield>
		<marc:datafield tag="650" ind1=" " ind2="7">
			<marc:subfield code="a">Kjernekraft</marc:subfield>
			<marc:subfield code="2">noubomn</marc:subfield>
		</marc:datafield>
		<marc:datafield tag="650" ind1=" " ind2="7">
			<marc:subfield code="a">Pålitelighetsanalyse</marc:subfield>
			<marc:subfield code="2">noubomn</marc:subfield>
		</marc:datafield>
		<marc:datafield tag="650" ind1=" " ind2="7">
			<marc:subfield code="a">Meningsmålinger</marc:subfield>
			<marc:subfield code="2">noubomn</marc:subfield>
		</marc:datafield>
		<marc:datafield tag="650" ind1=" " ind2="7">
			<marc:subfield code="a">Sannsynlighetsregning</marc:subfield>
			<marc:subfield code="2">noubomn</marc:subfield>
		</marc:datafield>
		<marc:datafield tag="650" ind1=" " ind2="7">
			<marc:subfield code="a">Risikoanalyser</marc:subfield>
			<marc:subfield code="2">noubomn</marc:subfield>
		</marc:datafield>
		<marc:datafield tag="650" ind1=" " ind2="7">
			<marc:subfield code="a">Sannsynlighetsregning</marc:subfield>
			<marc:subfield code="2">tekord</marc:subfield>
		</marc:datafield>
		<marc:datafield tag="650" ind1=" " ind2="7">
			<marc:subfield code="a">Pålitelighet (Matematikk)</marc:subfield>
			<marc:subfield code="2">tekord</marc:subfield>
		</marc:datafield>
		<marc:datafield tag="650" ind1=" " ind2="7">
			<marc:subfield code="a">Risikoanalyse</marc:subfield>
			<marc:subfield code="2">tekord</marc:subfield>
		</marc:datafield>
		<marc:datafield tag="651" ind1=" " ind2="7">
			<marc:subfield code="a">Tsjernobyl</marc:subfield>
			<marc:subfield code="2">no-ubo-mn</marc:subfield>
		</marc:datafield>
		<marc:datafield tag="655" ind1=" " ind2="7">
			<marc:subfield code="a">Populærvitenskap</marc:subfield>
			<marc:subfield code="2">noubomn</marc:subfield>
		</marc:datafield>
		<marc:datafield tag="690" ind1=" " ind2=" ">
			<marc:subfield code="a">Sannsynlighetsteori : Anvendt matematikk</marc:subfield>
			<marc:subfield code="9">LOCAL</marc:subfield>
			<marc:subfield code="BIBLIOTEK">ud</marc:subfield>
		</marc:datafield>
		<marc:datafield tag="776" ind1="0" ind2=" ">
			<marc:subfield code="w">(NO-TrBIB)102579342</marc:subfield>
		</marc:datafield>
		<marc:datafield tag="856" ind1="4" ind2="2">
			<marc:subfield code="3">Beskrivelse fra Forlagssentralen</marc:subfield>
			<marc:subfield code="u">http://content.bibsys.no/content/?type=descr_forlagssentr&amp;isbn=8200033252</marc:subfield>
		</marc:datafield>
		<marc:datafield tag="901" ind1=" " ind2=" ">
			<marc:subfield code="a">80</marc:subfield>
		</marc:datafield>
		<marc:datafield tag="913" ind1=" " ind2=" ">
			<marc:subfield code="a">Norbok</marc:subfield>
			<marc:subfield code="b">NB</marc:subfield>
		</marc:datafield>
	</marc:record>
	<marc:record format="MARC21" type="Holdings"  xmlns:marc="info:lc/xmlns/marcxchange-v1">
		<marc:leader>99999nx  a2299999ui 4500</marc:leader>
		<marc:controlfield tag="001">93ux02181</marc:controlfield>
		<marc:controlfield tag="004">874176522</marc:controlfield>
		<marc:controlfield tag="007">ta</marc:controlfield>
		<marc:controlfield tag="008">1507120|||||||||4   uu</marc:controlfield>
		<marc:controlfield tag="009">kat</marc:controlfield>
		<marc:datafield tag="014" ind1="1" ind2=" ">
			<marc:subfield code="a">874176522</marc:subfield>
			<marc:subfield code="b">(NO-TrBIB)</marc:subfield>
		</marc:datafield>
		<marc:datafield tag="852" ind1=" " ind2=" ">
			<marc:subfield code="a">HIST</marc:subfield>
			<marc:subfield code="b">HIST/ALT</marc:subfield>
			<marc:subfield code="c">HIST/ALT</marc:subfield>
			<marc:subfield code="h">519.2 Nat</marc:subfield>
			<marc:subfield code="t">1</marc:subfield>
		</marc:datafield>
		<marc:datafield tag="859" ind1=" " ind2=" ">
			<marc:subfield code="a">HIST/ALT</marc:subfield>
			<marc:subfield code="b">HIST/ALT</marc:subfield>
			<marc:subfield code="c">519.2 Nat</marc:subfield>
			<marc:subfield code="f">7</marc:subfield>
			<marc:subfield code="h">0</marc:subfield>
			<marc:subfield code="x">2015-07-12</marc:subfield>
		</marc:datafield>
		<marc:datafield tag="876" ind1=" " ind2=" ">
			<marc:subfield code="a">93ux02181</marc:subfield>
			<marc:subfield code="j">kat</marc:subfield>
			<marc:subfield code="p">93ux02181</marc:subfield>
		</marc:datafield>
	</marc:record>
	<marc:record format="MARC21" type="Holdings"  xmlns:marc="info:lc/xmlns/marcxchange-v1">
		<marc:leader>99999nx  a2299999ui 4500</marc:leader>
		<marc:controlfield tag="001">91uf01990</marc:controlfield>
		<marc:controlfield tag="004">874176522</marc:controlfield>
		<marc:controlfield tag="007">ta</marc:controlfield>
		<marc:controlfield tag="008">1507120|||||||||4   uu</marc:controlfield>
		<marc:controlfield tag="009">mini</marc:controlfield>
		<marc:datafield tag="014" ind1="1" ind2=" ">
			<marc:subfield code="a">874176522</marc:subfield>
			<marc:subfield code="b">(NO-TrBIB)</marc:subfield>
		</marc:datafield>
		<marc:datafield tag="852" ind1=" " ind2=" ">
			<marc:subfield code="a">HIN</marc:subfield>
			<marc:subfield code="b">HIN</marc:subfield>
			<marc:subfield code="c">HIN</marc:subfield>
			<marc:subfield code="h">519.2 Na</marc:subfield>
		</marc:datafield>
		<marc:datafield tag="859" ind1=" " ind2=" ">
			<marc:subfield code="a">HIN</marc:subfield>
			<marc:subfield code="b">HIN</marc:subfield>
			<marc:subfield code="c">519.2 Na</marc:subfield>
			<marc:subfield code="f">7</marc:subfield>
			<marc:subfield code="h">0</marc:subfield>
			<marc:subfield code="x">2015-07-12</marc:subfield>
		</marc:datafield>
		<marc:datafield tag="876" ind1=" " ind2=" ">
			<marc:subfield code="a">91uf01990</marc:subfield>
			<marc:subfield code="j">mini</marc:subfield>
			<marc:subfield code="p">91uf01990</marc:subfield>
		</marc:datafield>
	</marc:record>
	<marc:record format="MARC21" type="Holdings"  xmlns:marc="info:lc/xmlns/marcxchange-v1">
		<marc:leader>99999nx  a2299999ui 4500</marc:leader>
		<marc:controlfield tag="001">88b010253</marc:controlfield>
		<marc:controlfield tag="004">874176522</marc:controlfield>
		<marc:controlfield tag="007">ta</marc:controlfield>
		<marc:controlfield tag="008">1507120p||||||||4   uu</marc:controlfield>
		<marc:controlfield tag="009">kat</marc:controlfield>
		<marc:datafield tag="014" ind1="1" ind2=" ">
			<marc:subfield code="a">874176522</marc:subfield>
			<marc:subfield code="b">(NO-TrBIB)</marc:subfield>
		</marc:datafield>
		<marc:datafield tag="852" ind1=" " ind2=" ">
			<marc:subfield code="a">NTNU-UB</marc:subfield>
			<marc:subfield code="b">NTNU/TEK</marc:subfield>
			<marc:subfield code="c">TEK</marc:subfield>
			<marc:subfield code="h">519.2-77 Nat</marc:subfield>
			<marc:subfield code="x">Tidligere eier: LADE/MF</marc:subfield>
		</marc:datafield>
		<marc:datafield tag="859" ind1=" " ind2=" ">
			<marc:subfield code="a">NTNU/TEK</marc:subfield>
			<marc:subfield code="b">TEK</marc:subfield>
			<marc:subfield code="c">519.2-77 Nat</marc:subfield>
			<marc:subfield code="f">7</marc:subfield>
			<marc:subfield code="h">0</marc:subfield>
			<marc:subfield code="x">2015-07-12</marc:subfield>
		</marc:datafield>
		<marc:datafield tag="876" ind1=" " ind2=" ">
			<marc:subfield code="a">88b010253</marc:subfield>
			<marc:subfield code="d">19881010</marc:subfield>
			<marc:subfield code="j">kat</marc:subfield>
			<marc:subfield code="p">88b010253</marc:subfield>
		</marc:datafield>
	</marc:record>
	<marc:record format="MARC21" type="Holdings"  xmlns:marc="info:lc/xmlns/marcxchange-v1">
		<marc:leader>99999nx  a2299999ui 4500</marc:leader>
		<marc:controlfield tag="001">92ur34072</marc:controlfield>
		<marc:controlfield tag="004">874176522</marc:controlfield>
		<marc:controlfield tag="007">ta</marc:controlfield>
		<marc:controlfield tag="008">1507120|||||||||4   uu</marc:controlfield>
		<marc:controlfield tag="009">mini</marc:controlfield>
		<marc:datafield tag="014" ind1="1" ind2=" ">
			<marc:subfield code="a">874176522</marc:subfield>
			<marc:subfield code="b">(NO-TrBIB)</marc:subfield>
		</marc:datafield>
		<marc:datafield tag="852" ind1=" " ind2=" ">
			<marc:subfield code="a">UBIS</marc:subfield>
			<marc:subfield code="b">UBIS</marc:subfield>
			<marc:subfield code="c">UBIS Magasin</marc:subfield>
			<marc:subfield code="h">519.2 NAT</marc:subfield>
		</marc:datafield>
		<marc:datafield tag="859" ind1=" " ind2=" ">
			<marc:subfield code="a">UBIS</marc:subfield>
			<marc:subfield code="b">UBIS Magasin</marc:subfield>
			<marc:subfield code="c">519.2 NAT</marc:subfield>
			<marc:subfield code="f">7</marc:subfield>
			<marc:subfield code="h">0</marc:subfield>
			<marc:subfield code="x">2015-07-12</marc:subfield>
		</marc:datafield>
		<marc:datafield tag="876" ind1=" " ind2=" ">
			<marc:subfield code="a">92ur34072</marc:subfield>
			<marc:subfield code="j">mini</marc:subfield>
			<marc:subfield code="p">92ur34072</marc:subfield>
		</marc:datafield>
	</marc:record>
	<marc:record format="MARC21" type="Holdings"  xmlns:marc="info:lc/xmlns/marcxchange-v1">
		<marc:leader>99999nx  a2299999ui 4500</marc:leader>
		<marc:controlfield tag="001">91um01583</marc:controlfield>
		<marc:controlfield tag="004">874176522</marc:controlfield>
		<marc:controlfield tag="007">ta</marc:controlfield>
		<marc:controlfield tag="008">1507120|||||||||4   uu</marc:controlfield>
		<marc:controlfield tag="009">kat</marc:controlfield>
		<marc:datafield tag="014" ind1="1" ind2=" ">
			<marc:subfield code="a">874176522</marc:subfield>
			<marc:subfield code="b">(NO-TrBIB)</marc:subfield>
		</marc:datafield>
		<marc:datafield tag="852" ind1=" " ind2=" ">
			<marc:subfield code="a">HIM</marc:subfield>
			<marc:subfield code="b">HIMOLDE</marc:subfield>
			<marc:subfield code="c">HiMolde</marc:subfield>
			<marc:subfield code="h">519.2 N</marc:subfield>
			<marc:subfield code="t">1</marc:subfield>
		</marc:datafield>
		<marc:datafield tag="859" ind1=" " ind2=" ">
			<marc:subfield code="a">HIMOLDE</marc:subfield>
			<marc:subfield code="b">HiMolde</marc:subfield>
			<marc:subfield code="c">519.2 N</marc:subfield>
			<marc:subfield code="f">7</marc:subfield>
			<marc:subfield code="h">0</marc:subfield>
			<marc:subfield code="x">2015-07-12</marc:subfield>
		</marc:datafield>
		<marc:datafield tag="876" ind1=" " ind2=" ">
			<marc:subfield code="a">91um01583</marc:subfield>
			<marc:subfield code="j">kat</marc:subfield>
			<marc:subfield code="p">91um01583</marc:subfield>
		</marc:datafield>
	</marc:record>
	<marc:record format="MARC21" type="Holdings"  xmlns:marc="info:lc/xmlns/marcxchange-v1">
		<marc:leader>99999nx  a2299999ui 4500</marc:leader>
		<marc:controlfield tag="001">89nm00336</marc:controlfield>
		<marc:controlfield tag="004">874176522</marc:controlfield>
		<marc:controlfield tag="007">ta</marc:controlfield>
		<marc:controlfield tag="008">1507120|||||||||4   uu</marc:controlfield>
		<marc:controlfield tag="009">kat</marc:controlfield>
		<marc:datafield tag="014" ind1="1" ind2=" ">
			<marc:subfield code="a">874176522</marc:subfield>
			<marc:subfield code="b">(NO-TrBIB)</marc:subfield>
		</marc:datafield>
		<marc:datafield tag="852" ind1=" " ind2=" ">
			<marc:subfield code="a">UBO</marc:subfield>
			<marc:subfield code="b">UREAL</marc:subfield>
			<marc:subfield code="c">UREAL Mat.</marc:subfield>
			<marc:subfield code="h">60 NAT</marc:subfield>
		</marc:datafield>
		<marc:datafield tag="859" ind1=" " ind2=" ">
			<marc:subfield code="a">UREAL</marc:subfield>
			<marc:subfield code="b">UREAL Mat.</marc:subfield>
			<marc:subfield code="c">60 NAT</marc:subfield>
			<marc:subfield code="f">7</marc:subfield>
			<marc:subfield code="h">0</marc:subfield>
			<marc:subfield code="x">2015-07-12</marc:subfield>
		</marc:datafield>
		<marc:datafield tag="876" ind1=" " ind2=" ">
			<marc:subfield code="a">89nm00336</marc:subfield>
			<marc:subfield code="j">kat</marc:subfield>
			<marc:subfield code="p">89nm00336</marc:subfield>
		</marc:datafield>
	</marc:record>
	<marc:record format="MARC21" type="Holdings"  xmlns:marc="info:lc/xmlns/marcxchange-v1">
		<marc:leader>99999nx  a2299999ui 4500</marc:leader>
		<marc:controlfield tag="001">94ud00894</marc:controlfield>
		<marc:controlfield tag="004">874176522</marc:controlfield>
		<marc:controlfield tag="007">ta</marc:controlfield>
		<marc:controlfield tag="008">1507120|||||||||4   uu</marc:controlfield>
		<marc:controlfield tag="009">kat</marc:controlfield>
		<marc:datafield tag="014" ind1="1" ind2=" ">
			<marc:subfield code="a">874176522</marc:subfield>
			<marc:subfield code="b">(NO-TrBIB)</marc:subfield>
		</marc:datafield>
		<marc:datafield tag="852" ind1=" " ind2=" ">
			<marc:subfield code="a">UBIN</marc:subfield>
			<marc:subfield code="b">UBIN</marc:subfield>
			<marc:subfield code="c">UBIN magasin</marc:subfield>
			<marc:subfield code="h">519.2 N</marc:subfield>
		</marc:datafield>
		<marc:datafield tag="859" ind1=" " ind2=" ">
			<marc:subfield code="a">UBIN</marc:subfield>
			<marc:subfield code="b">UBIN magasin</marc:subfield>
			<marc:subfield code="c">519.2 N</marc:subfield>
			<marc:subfield code="f">7</marc:subfield>
			<marc:subfield code="h">0</marc:subfield>
			<marc:subfield code="x">2015-07-12</marc:subfield>
		</marc:datafield>
		<marc:datafield tag="876" ind1=" " ind2=" ">
			<marc:subfield code="a">94ud00894</marc:subfield>
			<marc:subfield code="j">kat</marc:subfield>
			<marc:subfield code="p">028889ud0</marc:subfield>
		</marc:datafield>
	</marc:record>
	<marc:record format="MARC21" type="Holdings"  xmlns:marc="info:lc/xmlns/marcxchange-v1">
		<marc:leader>99999nx  a2299999ui 4500</marc:leader>
		<marc:controlfield tag="001">93uk46527</marc:controlfield>
		<marc:controlfield tag="004">874176522</marc:controlfield>
		<marc:controlfield tag="007">ta</marc:controlfield>
		<marc:controlfield tag="008">1507120|||||||||4   uu</marc:controlfield>
		<marc:controlfield tag="009">mini</marc:controlfield>
		<marc:datafield tag="014" ind1="1" ind2=" ">
			<marc:subfield code="a">874176522</marc:subfield>
			<marc:subfield code="b">(NO-TrBIB)</marc:subfield>
		</marc:datafield>
		<marc:datafield tag="852" ind1=" " ind2=" ">
			<marc:subfield code="a">UBA</marc:subfield>
			<marc:subfield code="b">UBA/KRIS</marc:subfield>
			<marc:subfield code="c">UBA/KRIS Matematikk</marc:subfield>
			<marc:subfield code="h">62N05 Na</marc:subfield>
			<marc:subfield code="t">1</marc:subfield>
			<marc:subfield code="z">(Magasin-II)</marc:subfield>
		</marc:datafield>
		<marc:datafield tag="859" ind1=" " ind2=" ">
			<marc:subfield code="a">UBA/KRIS</marc:subfield>
			<marc:subfield code="b">UBA/KRIS Matematikk</marc:subfield>
			<marc:subfield code="c">62N05 Na</marc:subfield>
			<marc:subfield code="f">7</marc:subfield>
			<marc:subfield code="h">0</marc:subfield>
			<marc:subfield code="x">2015-07-12</marc:subfield>
		</marc:datafield>
		<marc:datafield tag="876" ind1=" " ind2=" ">
			<marc:subfield code="a">93uk46527</marc:subfield>
			<marc:subfield code="j">mini</marc:subfield>
			<marc:subfield code="p">93uk46527</marc:subfield>
		</marc:datafield>
	</marc:record>
	<marc:record format="MARC21" type="Holdings"  xmlns:marc="info:lc/xmlns/marcxchange-v1">
		<marc:leader>99999nx  a2299999ui 4500</marc:leader>
		<marc:controlfield tag="001">95ub06515</marc:controlfield>
		<marc:controlfield tag="004">874176522</marc:controlfield>
		<marc:controlfield tag="007">ta</marc:controlfield>
		<marc:controlfield tag="008">1507120|||||||||4   uu</marc:controlfield>
		<marc:controlfield tag="009">kat</marc:controlfield>
		<marc:datafield tag="014" ind1="1" ind2=" ">
			<marc:subfield code="a">874176522</marc:subfield>
			<marc:subfield code="b">(NO-TrBIB)</marc:subfield>
		</marc:datafield>
		<marc:datafield tag="852" ind1=" " ind2=" ">
			<marc:subfield code="a">HBV</marc:subfield>
			<marc:subfield code="b">HBV/RING</marc:subfield>
			<marc:subfield code="c">HBV/RING</marc:subfield>
			<marc:subfield code="h">519.2 N</marc:subfield>
			<marc:subfield code="t">1</marc:subfield>
		</marc:datafield>
		<marc:datafield tag="859" ind1=" " ind2=" ">
			<marc:subfield code="a">HBV/RING</marc:subfield>
			<marc:subfield code="b">HBV/RING</marc:subfield>
			<marc:subfield code="c">519.2 N</marc:subfield>
			<marc:subfield code="f">7</marc:subfield>
			<marc:subfield code="h">0</marc:subfield>
			<marc:subfield code="x">2015-07-12</marc:subfield>
		</marc:datafield>
		<marc:datafield tag="876" ind1=" " ind2=" ">
			<marc:subfield code="a">95ub06515</marc:subfield>
			<marc:subfield code="j">kat</marc:subfield>
			<marc:subfield code="p">95ub06515</marc:subfield>
		</marc:datafield>
	</marc:record>
	<marc:record format="MARC21" type="Holdings"  xmlns:marc="info:lc/xmlns/marcxchange-v1">
		<marc:leader>99999nx  a2299999ui 4500</marc:leader>
		<marc:controlfield tag="001">96nm00078</marc:controlfield>
		<marc:controlfield tag="004">874176522</marc:controlfield>
		<marc:controlfield tag="007">ta</marc:controlfield>
		<marc:controlfield tag="008">1507120p||||||||4   uu</marc:controlfield>
		<marc:controlfield tag="009">kat</marc:controlfield>
		<marc:datafield tag="014" ind1="1" ind2=" ">
			<marc:subfield code="a">874176522</marc:subfield>
			<marc:subfield code="b">(NO-TrBIB)</marc:subfield>
		</marc:datafield>
		<marc:datafield tag="852" ind1=" " ind2=" ">
			<marc:subfield code="a">UBO</marc:subfield>
			<marc:subfield code="b">UREAL</marc:subfield>
			<marc:subfield code="c">UREAL Mat.</marc:subfield>
			<marc:subfield code="h">60 NAT</marc:subfield>
		</marc:datafield>
		<marc:datafield tag="859" ind1=" " ind2=" ">
			<marc:subfield code="a">UREAL</marc:subfield>
			<marc:subfield code="b">UREAL Mat.</marc:subfield>
			<marc:subfield code="c">60 NAT</marc:subfield>
			<marc:subfield code="f">7</marc:subfield>
			<marc:subfield code="h">0</marc:subfield>
			<marc:subfield code="x">2015-07-12</marc:subfield>
		</marc:datafield>
		<marc:datafield tag="876" ind1=" " ind2=" ">
			<marc:subfield code="a">96nm00078</marc:subfield>
			<marc:subfield code="d">19960205</marc:subfield>
			<marc:subfield code="j">kat</marc:subfield>
			<marc:subfield code="p">96nm00078</marc:subfield>
		</marc:datafield>
	</marc:record>
	<marc:record format="MARC21" type="Holdings"  xmlns:marc="info:lc/xmlns/marcxchange-v1">
		<marc:leader>99999nx  a2299999ui 4500</marc:leader>
		<marc:controlfield tag="001">91un11764</marc:controlfield>
		<marc:controlfield tag="004">874176522</marc:controlfield>
		<marc:controlfield tag="007">ta</marc:controlfield>
		<marc:controlfield tag="008">1507120|||||||||4   uu</marc:controlfield>
		<marc:controlfield tag="009">mini</marc:controlfield>
		<marc:datafield tag="014" ind1="1" ind2=" ">
			<marc:subfield code="a">874176522</marc:subfield>
			<marc:subfield code="b">(NO-TrBIB)</marc:subfield>
		</marc:datafield>
		<marc:datafield tag="852" ind1=" " ind2=" ">
			<marc:subfield code="a">HINT</marc:subfield>
			<marc:subfield code="b">HINT/LEV</marc:subfield>
			<marc:subfield code="c">HINT/LEV Mag</marc:subfield>
			<marc:subfield code="h">519.5 N</marc:subfield>
		</marc:datafield>
		<marc:datafield tag="859" ind1=" " ind2=" ">
			<marc:subfield code="a">HINT/LEV</marc:subfield>
			<marc:subfield code="b">HINT/LEV Mag</marc:subfield>
			<marc:subfield code="c">519.5 N</marc:subfield>
			<marc:subfield code="f">7</marc:subfield>
			<marc:subfield code="h">0</marc:subfield>
			<marc:subfield code="x">2015-07-12</marc:subfield>
		</marc:datafield>
		<marc:datafield tag="876" ind1=" " ind2=" ">
			<marc:subfield code="a">91un11764</marc:subfield>
			<marc:subfield code="j">mini</marc:subfield>
			<marc:subfield code="p">91un11764</marc:subfield>
		</marc:datafield>
	</marc:record>
	<marc:record format="MARC21" type="Holdings"  xmlns:marc="info:lc/xmlns/marcxchange-v1">
		<marc:leader>99999nx  a2299999ui 4500</marc:leader>
		<marc:controlfield tag="001">74up10073</marc:controlfield>
		<marc:controlfield tag="004">874176522</marc:controlfield>
		<marc:controlfield tag="007">ta</marc:controlfield>
		<marc:controlfield tag="008">1507120|||||||||4   uu</marc:controlfield>
		<marc:controlfield tag="009">mini</marc:controlfield>
		<marc:datafield tag="014" ind1="1" ind2=" ">
			<marc:subfield code="a">874176522</marc:subfield>
			<marc:subfield code="b">(NO-TrBIB)</marc:subfield>
		</marc:datafield>
		<marc:datafield tag="852" ind1=" " ind2=" ">
			<marc:subfield code="a">NB</marc:subfield>
			<marc:subfield code="b">NB/DEP</marc:subfield>
			<marc:subfield code="c">NB/DEP 20080522up</marc:subfield>
			<marc:subfield code="h">-</marc:subfield>
		</marc:datafield>
		<marc:datafield tag="859" ind1=" " ind2=" ">
			<marc:subfield code="a">NB/DEP</marc:subfield>
			<marc:subfield code="b">NB/DEP 20080522up</marc:subfield>
			<marc:subfield code="f">7</marc:subfield>
			<marc:subfield code="h">0</marc:subfield>
			<marc:subfield code="x">2015-07-12</marc:subfield>
		</marc:datafield>
		<marc:datafield tag="876" ind1=" " ind2=" ">
			<marc:subfield code="a">74up10073</marc:subfield>
			<marc:subfield code="j">mini</marc:subfield>
			<marc:subfield code="p">74up10073</marc:subfield>
		</marc:datafield>
	</marc:record>
	<marc:record format="MARC21" type="Holdings"  xmlns:marc="info:lc/xmlns/marcxchange-v1">
		<marc:leader>99999nx  a2299999ui 4500</marc:leader>
		<marc:controlfield tag="001">95xs15961</marc:controlfield>
		<marc:controlfield tag="004">874176522</marc:controlfield>
		<marc:controlfield tag="007">ta</marc:controlfield>
		<marc:controlfield tag="008">1507120|||||||||4   uu</marc:controlfield>
		<marc:controlfield tag="009">mini</marc:controlfield>
		<marc:datafield tag="014" ind1="1" ind2=" ">
			<marc:subfield code="a">874176522</marc:subfield>
			<marc:subfield code="b">(NO-TrBIB)</marc:subfield>
		</marc:datafield>
		<marc:datafield tag="852" ind1=" " ind2=" ">
			<marc:subfield code="a">HSF</marc:subfield>
			<marc:subfield code="b">HISF/SOG</marc:subfield>
			<marc:subfield code="c">HiSF/SOGN</marc:subfield>
			<marc:subfield code="h">620.004 N</marc:subfield>
		</marc:datafield>
		<marc:datafield tag="859" ind1=" " ind2=" ">
			<marc:subfield code="a">HISF/SOG</marc:subfield>
			<marc:subfield code="b">HiSF/SOGN</marc:subfield>
			<marc:subfield code="c">620.004 N</marc:subfield>
			<marc:subfield code="f">7</marc:subfield>
			<marc:subfield code="h">0</marc:subfield>
			<marc:subfield code="x">2015-07-12</marc:subfield>
		</marc:datafield>
		<marc:datafield tag="876" ind1=" " ind2=" ">
			<marc:subfield code="a">95xs15961</marc:subfield>
			<marc:subfield code="j">mini</marc:subfield>
			<marc:subfield code="p">95xs15961</marc:subfield>
		</marc:datafield>
	</marc:record>
	<marc:record format="MARC21" type="Holdings"  xmlns:marc="info:lc/xmlns/marcxchange-v1">
		<marc:leader>99999nx  a2299999ui 4500</marc:leader>
		<marc:controlfield tag="001">89xb03724</marc:controlfield>
		<marc:controlfield tag="004">874176522</marc:controlfield>
		<marc:controlfield tag="007">ta</marc:controlfield>
		<marc:controlfield tag="008">1507120|||||||||4   uu</marc:controlfield>
		<marc:controlfield tag="009">mini</marc:controlfield>
		<marc:datafield tag="014" ind1="1" ind2=" ">
			<marc:subfield code="a">874176522</marc:subfield>
			<marc:subfield code="b">(NO-TrBIB)</marc:subfield>
		</marc:datafield>
		<marc:datafield tag="852" ind1=" " ind2=" ">
			<marc:subfield code="a">HÅL</marc:subfield>
			<marc:subfield code="b">HÅL</marc:subfield>
			<marc:subfield code="c">HÅL TF</marc:subfield>
			<marc:subfield code="h">620.004 N</marc:subfield>
		</marc:datafield>
		<marc:datafield tag="859" ind1=" " ind2=" ">
			<marc:subfield code="a">HÅL</marc:subfield>
			<marc:subfield code="b">HÅL TF</marc:subfield>
			<marc:subfield code="c">620.004 N</marc:subfield>
			<marc:subfield code="f">7</marc:subfield>
			<marc:subfield code="h">0</marc:subfield>
			<marc:subfield code="x">2015-07-12</marc:subfield>
		</marc:datafield>
		<marc:datafield tag="876" ind1=" " ind2=" ">
			<marc:subfield code="a">89xb03724</marc:subfield>
			<marc:subfield code="j">mini</marc:subfield>
			<marc:subfield code="p">89xb03724</marc:subfield>
		</marc:datafield>
	</marc:record>
	<marc:record format="MARC21" type="Holdings"  xmlns:marc="info:lc/xmlns/marcxchange-v1">
		<marc:leader>99999nx  a2299999ui 4500</marc:leader>
		<marc:controlfield tag="001">00nf00392</marc:controlfield>
		<marc:controlfield tag="004">874176522</marc:controlfield>
		<marc:controlfield tag="007">ta</marc:controlfield>
		<marc:controlfield tag="008">1507120g||||||||4   uu</marc:controlfield>
		<marc:controlfield tag="009">kat</marc:controlfield>
		<marc:datafield tag="014" ind1="1" ind2=" ">
			<marc:subfield code="a">874176522</marc:subfield>
			<marc:subfield code="b">(NO-TrBIB)</marc:subfield>
		</marc:datafield>
		<marc:datafield tag="852" ind1=" " ind2=" ">
			<marc:subfield code="a">UBO</marc:subfield>
			<marc:subfield code="b">UREAL</marc:subfield>
			<marc:subfield code="c">UREAL Fys.</marc:subfield>
			<marc:subfield code="h">0.2 NAT</marc:subfield>
		</marc:datafield>
		<marc:datafield tag="859" ind1=" " ind2=" ">
			<marc:subfield code="a">UREAL</marc:subfield>
			<marc:subfield code="b">UREAL Fys.</marc:subfield>
			<marc:subfield code="c">0.2 NAT</marc:subfield>
			<marc:subfield code="f">7</marc:subfield>
			<marc:subfield code="h">0</marc:subfield>
			<marc:subfield code="x">2015-07-12</marc:subfield>
		</marc:datafield>
		<marc:datafield tag="876" ind1=" " ind2=" ">
			<marc:subfield code="a">00nf00392</marc:subfield>
			<marc:subfield code="d">20001208</marc:subfield>
			<marc:subfield code="j">kat</marc:subfield>
			<marc:subfield code="p">00nf00392</marc:subfield>
		</marc:datafield>
	</marc:record>
	<marc:record format="MARC21" type="Holdings"  xmlns:marc="info:lc/xmlns/marcxchange-v1">
		<marc:leader>99999nx  a2299999ui 4500</marc:leader>
		<marc:controlfield tag="001">00ns02479</marc:controlfield>
		<marc:controlfield tag="004">874176522</marc:controlfield>
		<marc:controlfield tag="007">ta</marc:controlfield>
		<marc:controlfield tag="008">1507120g||||||||4   uu</marc:controlfield>
		<marc:controlfield tag="009">kat</marc:controlfield>
		<marc:datafield tag="014" ind1="1" ind2=" ">
			<marc:subfield code="a">874176522</marc:subfield>
			<marc:subfield code="b">(NO-TrBIB)</marc:subfield>
		</marc:datafield>
		<marc:datafield tag="852" ind1=" " ind2=" ">
			<marc:subfield code="a">UBO</marc:subfield>
			<marc:subfield code="b">UREAL</marc:subfield>
			<marc:subfield code="c">UREAL Samling 42</marc:subfield>
			<marc:subfield code="h">FA 2809</marc:subfield>
		</marc:datafield>
		<marc:datafield tag="859" ind1=" " ind2=" ">
			<marc:subfield code="a">UREAL</marc:subfield>
			<marc:subfield code="b">UREAL Samling 42</marc:subfield>
			<marc:subfield code="c">FA 2809</marc:subfield>
			<marc:subfield code="f">7</marc:subfield>
			<marc:subfield code="h">0</marc:subfield>
			<marc:subfield code="x">2015-07-12</marc:subfield>
		</marc:datafield>
		<marc:datafield tag="876" ind1=" " ind2=" ">
			<marc:subfield code="a">00ns02479</marc:subfield>
			<marc:subfield code="d">20001208</marc:subfield>
			<marc:subfield code="j">kat</marc:subfield>
			<marc:subfield code="p">00ns02479</marc:subfield>
		</marc:datafield>
	</marc:record>
	<marc:record format="MARC21" type="Holdings"  xmlns:marc="info:lc/xmlns/marcxchange-v1">
		<marc:leader>99999nx  a2299999ui 4500</marc:leader>
		<marc:controlfield tag="001">82ga12735</marc:controlfield>
		<marc:controlfield tag="004">874176522</marc:controlfield>
		<marc:controlfield tag="007">ta</marc:controlfield>
		<marc:controlfield tag="008">1507120|||||||||4   uu</marc:controlfield>
		<marc:controlfield tag="009">mini</marc:controlfield>
		<marc:datafield tag="014" ind1="1" ind2=" ">
			<marc:subfield code="a">874176522</marc:subfield>
			<marc:subfield code="b">(NO-TrBIB)</marc:subfield>
		</marc:datafield>
		<marc:datafield tag="852" ind1=" " ind2=" ">
			<marc:subfield code="a">NB</marc:subfield>
			<marc:subfield code="b">NB/BRU</marc:subfield>
			<marc:subfield code="c">NB/BRU</marc:subfield>
			<marc:subfield code="h">NA Nat</marc:subfield>
			<marc:subfield code="z">(ib.)</marc:subfield>
		</marc:datafield>
		<marc:datafield tag="859" ind1=" " ind2=" ">
			<marc:subfield code="a">NB/BRU</marc:subfield>
			<marc:subfield code="b">NB/BRU</marc:subfield>
			<marc:subfield code="c">NA Nat</marc:subfield>
			<marc:subfield code="f">7</marc:subfield>
			<marc:subfield code="h">0</marc:subfield>
			<marc:subfield code="x">2015-07-12</marc:subfield>
		</marc:datafield>
		<marc:datafield tag="876" ind1=" " ind2=" ">
			<marc:subfield code="a">82ga12735</marc:subfield>
			<marc:subfield code="j">mini</marc:subfield>
			<marc:subfield code="p">82ga12735</marc:subfield>
		</marc:datafield>
	</marc:record>
	<marc:record format="MARC21" type="Holdings"  xmlns:marc="info:lc/xmlns/marcxchange-v1">
		<marc:leader>99999nx  a2299999ui 4500</marc:leader>
		<marc:controlfield tag="001">00kj45662</marc:controlfield>
		<marc:controlfield tag="004">874176522</marc:controlfield>
		<marc:controlfield tag="007">ta</marc:controlfield>
		<marc:controlfield tag="008">1507120g||||||||4   uu</marc:controlfield>
		<marc:controlfield tag="009">kat</marc:controlfield>
		<marc:datafield tag="014" ind1="1" ind2=" ">
			<marc:subfield code="a">874176522</marc:subfield>
			<marc:subfield code="b">(NO-TrBIB)</marc:subfield>
		</marc:datafield>
		<marc:datafield tag="852" ind1=" " ind2=" ">
			<marc:subfield code="a">UBO</marc:subfield>
			<marc:subfield code="b">UHS</marc:subfield>
			<marc:subfield code="c">UHS</marc:subfield>
			<marc:subfield code="h">519.2 Nat</marc:subfield>
		</marc:datafield>
		<marc:datafield tag="859" ind1=" " ind2=" ">
			<marc:subfield code="a">UHS</marc:subfield>
			<marc:subfield code="b">UHS</marc:subfield>
			<marc:subfield code="c">519.2 Nat</marc:subfield>
			<marc:subfield code="f">7</marc:subfield>
			<marc:subfield code="h">0</marc:subfield>
			<marc:subfield code="x">2015-07-12</marc:subfield>
		</marc:datafield>
		<marc:datafield tag="876" ind1=" " ind2=" ">
			<marc:subfield code="a">00kj45662</marc:subfield>
			<marc:subfield code="d">20001215</marc:subfield>
			<marc:subfield code="j">kat</marc:subfield>
			<marc:subfield code="p">637618kj0</marc:subfield>
		</marc:datafield>
	</marc:record>
	<marc:record format="MARC21" type="Holdings"  xmlns:marc="info:lc/xmlns/marcxchange-v1">
		<marc:leader>99999nx  a2299999ui 4500</marc:leader>
		<marc:controlfield tag="001">04ua07797</marc:controlfield>
		<marc:controlfield tag="004">874176522</marc:controlfield>
		<marc:controlfield tag="007">ta</marc:controlfield>
		<marc:controlfield tag="008">1507120|||||||||4   uu</marc:controlfield>
		<marc:controlfield tag="009">kat</marc:controlfield>
		<marc:datafield tag="014" ind1="1" ind2=" ">
			<marc:subfield code="a">874176522</marc:subfield>
			<marc:subfield code="b">(NO-TrBIB)</marc:subfield>
		</marc:datafield>
		<marc:datafield tag="852" ind1=" " ind2=" ">
			<marc:subfield code="a">HIT</marc:subfield>
			<marc:subfield code="b">HIT/BØ</marc:subfield>
			<marc:subfield code="c">BØ Mat</marc:subfield>
			<marc:subfield code="h">62 NAT</marc:subfield>
		</marc:datafield>
		<marc:datafield tag="859" ind1=" " ind2=" ">
			<marc:subfield code="a">HIT/BØ</marc:subfield>
			<marc:subfield code="b">BØ Mat</marc:subfield>
			<marc:subfield code="c">62 NAT</marc:subfield>
			<marc:subfield code="f">7</marc:subfield>
			<marc:subfield code="h">0</marc:subfield>
			<marc:subfield code="x">2015-07-12</marc:subfield>
		</marc:datafield>
		<marc:datafield tag="876" ind1=" " ind2=" ">
			<marc:subfield code="a">04ua07797</marc:subfield>
			<marc:subfield code="j">kat</marc:subfield>
			<marc:subfield code="p">04ua07797</marc:subfield>
		</marc:datafield>
	</marc:record>
	<marc:record format="MARC21" type="Holdings"  xmlns:marc="info:lc/xmlns/marcxchange-v1">
		<marc:leader>99999nx  a2299999ui 4500</marc:leader>
		<marc:controlfield tag="001">87b016073</marc:controlfield>
		<marc:controlfield tag="004">874176522</marc:controlfield>
		<marc:controlfield tag="007">ta</marc:controlfield>
		<marc:controlfield tag="008">1507120l||||||||4   uu</marc:controlfield>
		<marc:controlfield tag="009">kat</marc:controlfield>
		<marc:datafield tag="014" ind1="1" ind2=" ">
			<marc:subfield code="a">874176522</marc:subfield>
			<marc:subfield code="b">(NO-TrBIB)</marc:subfield>
		</marc:datafield>
		<marc:datafield tag="852" ind1=" " ind2=" ">
			<marc:subfield code="a">NTNU-UB</marc:subfield>
			<marc:subfield code="b">NTNU/GUN</marc:subfield>
			<marc:subfield code="c">GUNNERUS B</marc:subfield>
			<marc:subfield code="h">82703</marc:subfield>
		</marc:datafield>
		<marc:datafield tag="859" ind1=" " ind2=" ">
			<marc:subfield code="a">NTNU/GUN</marc:subfield>
			<marc:subfield code="b">GUNNERUS B</marc:subfield>
			<marc:subfield code="c">82703</marc:subfield>
			<marc:subfield code="f">7</marc:subfield>
			<marc:subfield code="h">0</marc:subfield>
			<marc:subfield code="x">2015-07-12</marc:subfield>
		</marc:datafield>
		<marc:datafield tag="876" ind1=" " ind2=" ">
			<marc:subfield code="a">87b016073</marc:subfield>
			<marc:subfield code="d">19871001</marc:subfield>
			<marc:subfield code="j">kat</marc:subfield>
			<marc:subfield code="p">87b016073</marc:subfield>
		</marc:datafield>
	</marc:record>
	<marc:record format="MARC21" type="Holdings"  xmlns:marc="info:lc/xmlns/marcxchange-v1">
		<marc:leader>99999nx  a2299999ui 4500</marc:leader>
		<marc:controlfield tag="001">93ut01058</marc:controlfield>
		<marc:controlfield tag="004">874176522</marc:controlfield>
		<marc:controlfield tag="007">ta</marc:controlfield>
		<marc:controlfield tag="008">1507120p||||||||4   uu</marc:controlfield>
		<marc:controlfield tag="009">kat</marc:controlfield>
		<marc:datafield tag="014" ind1="1" ind2=" ">
			<marc:subfield code="a">874176522</marc:subfield>
			<marc:subfield code="b">(NO-TrBIB)</marc:subfield>
		</marc:datafield>
		<marc:datafield tag="852" ind1=" " ind2=" ">
			<marc:subfield code="a">HIST</marc:subfield>
			<marc:subfield code="b">HIST/HHIT</marc:subfield>
			<marc:subfield code="c">HIST/HHIT</marc:subfield>
			<marc:subfield code="h">519 Na</marc:subfield>
			<marc:subfield code="t">2</marc:subfield>
			<marc:subfield code="x">eks. 1 ipp.</marc:subfield>
		</marc:datafield>
		<marc:datafield tag="859" ind1=" " ind2=" ">
			<marc:subfield code="a">HIST/HHIT</marc:subfield>
			<marc:subfield code="b">HIST/HHIT</marc:subfield>
			<marc:subfield code="c">519 Na</marc:subfield>
			<marc:subfield code="f">7</marc:subfield>
			<marc:subfield code="h">0</marc:subfield>
			<marc:subfield code="x">2015-07-12</marc:subfield>
		</marc:datafield>
		<marc:datafield tag="876" ind1=" " ind2=" ">
			<marc:subfield code="a">93ut01058</marc:subfield>
			<marc:subfield code="d">19930816</marc:subfield>
			<marc:subfield code="j">kat</marc:subfield>
			<marc:subfield code="p">93ut01058</marc:subfield>
		</marc:datafield>
	</marc:record>
	<marc:record format="MARC21" type="Holdings"  xmlns:marc="info:lc/xmlns/marcxchange-v1">
		<marc:leader>99999nx  a2299999ui 4500</marc:leader>
		<marc:controlfield tag="001">87a015364</marc:controlfield>
		<marc:controlfield tag="004">874176522</marc:controlfield>
		<marc:controlfield tag="007">ta</marc:controlfield>
		<marc:controlfield tag="008">1507120g||||||||4   uu</marc:controlfield>
		<marc:controlfield tag="009">kat</marc:controlfield>
		<marc:datafield tag="014" ind1="1" ind2=" ">
			<marc:subfield code="a">874176522</marc:subfield>
			<marc:subfield code="b">(NO-TrBIB)</marc:subfield>
		</marc:datafield>
		<marc:datafield tag="852" ind1=" " ind2=" ">
			<marc:subfield code="a">NTNU-UB</marc:subfield>
			<marc:subfield code="b">NTNU/TEK</marc:subfield>
			<marc:subfield code="c">TEK</marc:subfield>
			<marc:subfield code="h">519.873 N21s</marc:subfield>
		</marc:datafield>
		<marc:datafield tag="859" ind1=" " ind2=" ">
			<marc:subfield code="a">NTNU/TEK</marc:subfield>
			<marc:subfield code="b">TEK</marc:subfield>
			<marc:subfield code="c">519.873 N21s</marc:subfield>
			<marc:subfield code="f">7</marc:subfield>
			<marc:subfield code="h">0</marc:subfield>
			<marc:subfield code="x">2015-07-12</marc:subfield>
		</marc:datafield>
		<marc:datafield tag="876" ind1=" " ind2=" ">
			<marc:subfield code="a">87a015364</marc:subfield>
			<marc:subfield code="d">19871110</marc:subfield>
			<marc:subfield code="j">kat</marc:subfield>
			<marc:subfield code="p">87a015364</marc:subfield>
		</marc:datafield>
	</marc:record>
	<marc:record format="MARC21" type="Holdings"  xmlns:marc="info:lc/xmlns/marcxchange-v1">
		<marc:leader>99999nx  a2299999ui 4500</marc:leader>
		<marc:controlfield tag="001">76sd92359</marc:controlfield>
		<marc:controlfield tag="004">874176522</marc:controlfield>
		<marc:controlfield tag="007">ta</marc:controlfield>
		<marc:controlfield tag="008">1507120|||||||||4   uu</marc:controlfield>
		<marc:controlfield tag="009">mini</marc:controlfield>
		<marc:datafield tag="014" ind1="1" ind2=" ">
			<marc:subfield code="a">874176522</marc:subfield>
			<marc:subfield code="b">(NO-TrBIB)</marc:subfield>
		</marc:datafield>
		<marc:datafield tag="852" ind1=" " ind2=" ">
			<marc:subfield code="a">NB</marc:subfield>
			<marc:subfield code="b">NB/DEP</marc:subfield>
			<marc:subfield code="c">NB/DEP a</marc:subfield>
			<marc:subfield code="h">-</marc:subfield>
		</marc:datafield>
		<marc:datafield tag="859" ind1=" " ind2=" ">
			<marc:subfield code="a">NB/DEP</marc:subfield>
			<marc:subfield code="b">NB/DEP a</marc:subfield>
			<marc:subfield code="f">7</marc:subfield>
			<marc:subfield code="h">0</marc:subfield>
			<marc:subfield code="x">2015-07-12</marc:subfield>
		</marc:datafield>
		<marc:datafield tag="876" ind1=" " ind2=" ">
			<marc:subfield code="a">76sd92359</marc:subfield>
			<marc:subfield code="j">mini</marc:subfield>
			<marc:subfield code="p">76sd92359</marc:subfield>
		</marc:datafield>
	</marc:record>
	<marc:record format="MARC21" type="Holdings"  xmlns:marc="info:lc/xmlns/marcxchange-v1">
		<marc:leader>99999nx  a2299999ui 4500</marc:leader>
		<marc:controlfield tag="001">14g149558</marc:controlfield>
		<marc:controlfield tag="004">874176522</marc:controlfield>
		<marc:controlfield tag="007">ta</marc:controlfield>
		<marc:controlfield tag="008">1507120|||||||||4   uu</marc:controlfield>
		<marc:controlfield tag="009">kat</marc:controlfield>
		<marc:datafield tag="014" ind1="1" ind2=" ">
			<marc:subfield code="a">874176522</marc:subfield>
			<marc:subfield code="b">(NO-TrBIB)</marc:subfield>
		</marc:datafield>
		<marc:datafield tag="852" ind1=" " ind2=" ">
			<marc:subfield code="a">NB</marc:subfield>
			<marc:subfield code="b">NB/BRU</marc:subfield>
			<marc:subfield code="c">NB/BRU</marc:subfield>
			<marc:subfield code="h">NA/A 1987:7262</marc:subfield>
		</marc:datafield>
		<marc:datafield tag="859" ind1=" " ind2=" ">
			<marc:subfield code="a">NB/BRU</marc:subfield>
			<marc:subfield code="b">NB/BRU</marc:subfield>
			<marc:subfield code="c">NA/A 1987:7262</marc:subfield>
			<marc:subfield code="f">7</marc:subfield>
			<marc:subfield code="h">0</marc:subfield>
			<marc:subfield code="x">2015-07-12</marc:subfield>
		</marc:datafield>
		<marc:datafield tag="876" ind1=" " ind2=" ">
			<marc:subfield code="a">14g149558</marc:subfield>
			<marc:subfield code="j">kat</marc:subfield>
			<marc:subfield code="p">14g149558</marc:subfield>
		</marc:datafield>
	</marc:record>
</marc:collection></metadata>
</record>