
<record>
<header>
 <identifier>oai:bibsys.no:collection:biblioholding:834102765</identifier>
 <datestamp>2015-07-10T21:03:20Z</datestamp>
<setSpec>urealSamling42</setSpec>
</header>
<metadata>
<marc:collection>
	<marc:record format="MARC21" type="Bibliographic"  xmlns:marc="info:lc/xmlns/marcxchange-v1">
		<marc:leader>99999cam a2299999 u 4500</marc:leader>
		<marc:controlfield tag="001">834102765</marc:controlfield>
		<marc:controlfield tag="003">NO-TrBIB</marc:controlfield>
		<marc:controlfield tag="005">20150710210320.0</marc:controlfield>
		<marc:controlfield tag="007">ta</marc:controlfield>
		<marc:controlfield tag="008">150710s1982    xx#|||||||||||000|u|eng|d</marc:controlfield>
		<marc:datafield tag="020" ind1=" " ind2=" ">
			<marc:subfield code="a">0716714094</marc:subfield>
		</marc:datafield>
		<marc:datafield tag="020" ind1=" " ind2=" ">
			<marc:subfield code="a">0716715007</marc:subfield>
		</marc:datafield>
		<marc:datafield tag="020" ind1=" " ind2=" ">
			<marc:subfield code="a">0716760037</marc:subfield>
			<marc:subfield code="q">h.</marc:subfield>
		</marc:datafield>
		<marc:datafield tag="035" ind1=" " ind2=" ">
			<marc:subfield code="a">(NO-TrBIB)834102765</marc:subfield>
		</marc:datafield>
		<marc:datafield tag="040" ind1=" " ind2=" ">
			<marc:subfield code="a">NO-TrBIB</marc:subfield>
			<marc:subfield code="b">nob</marc:subfield>
			<marc:subfield code="e">katreg</marc:subfield>
		</marc:datafield>
		<marc:datafield tag="080" ind1=" " ind2=" ">
			<marc:subfield code="a">113/119</marc:subfield>
		</marc:datafield>
		<marc:datafield tag="080" ind1=" " ind2=" ">
			<marc:subfield code="a">524.8</marc:subfield>
		</marc:datafield>
		<marc:datafield tag="080" ind1=" " ind2=" ">
			<marc:subfield code="a">50</marc:subfield>
		</marc:datafield>
		<marc:datafield tag="092" ind1=" " ind2=" ">
			<marc:subfield code="a">523.1</marc:subfield>
			<marc:subfield code="9">LOCAL</marc:subfield>
			<marc:subfield code="BIBLIOTEK">xc</marc:subfield>
		</marc:datafield>
		<marc:datafield tag="097" ind1=" " ind2=" ">
			<marc:subfield code="a">fa1233</marc:subfield>
			<marc:subfield code="9">LOCAL</marc:subfield>
			<marc:subfield code="BIBLIOTEK">k</marc:subfield>
		</marc:datafield>
		<marc:datafield tag="100" ind1="1" ind2=" ">
			<marc:subfield code="a">Morrison, Philip</marc:subfield>
			<marc:subfield code="0">(NO-TrBIB)x90244855</marc:subfield>
		</marc:datafield>
		<marc:datafield tag="245" ind1="1" ind2="0">
			<marc:subfield code="a">Powers of ten :</marc:subfield>
			<marc:subfield code="b">a book about the relative size of things in the universe and the effect of adding another zero</marc:subfield>
			<marc:subfield code="c">Philip and Phylis Morrison and the Office of Charles and Ray Eames</marc:subfield>
		</marc:datafield>
		<marc:datafield tag="260" ind1=" " ind2=" ">
			<marc:subfield code="a">New York</marc:subfield>
			<marc:subfield code="b">Scientific American Library</marc:subfield>
			<marc:subfield code="c">c1982</marc:subfield>
		</marc:datafield>
		<marc:datafield tag="300" ind1=" " ind2=" ">
			<marc:subfield code="a">150 s.</marc:subfield>
			<marc:subfield code="b">ill.</marc:subfield>
		</marc:datafield>
		<marc:datafield tag="500" ind1=" " ind2=" ">
			<marc:subfield code="a">"Based on the film Powers of ten by the Office of Charles and Ray Eames"</marc:subfield>
		</marc:datafield>
		<marc:datafield tag="650" ind1=" " ind2="0">
			<marc:subfield code="a">Cosmology</marc:subfield>
			<marc:subfield code="x">Miscellanea.</marc:subfield>
		</marc:datafield>
		<marc:datafield tag="650" ind1=" " ind2="7">
			<marc:subfield code="a">Kosmologi</marc:subfield>
			<marc:subfield code="2">tekord</marc:subfield>
		</marc:datafield>
		<marc:datafield tag="653" ind1=" " ind2=" ">
			<marc:subfield code="a">naturvitenskap</marc:subfield>
		</marc:datafield>
		<marc:datafield tag="653" ind1=" " ind2=" ">
			<marc:subfield code="a">universet</marc:subfield>
		</marc:datafield>
		<marc:datafield tag="653" ind1=" " ind2=" ">
			<marc:subfield code="a">kosmologi</marc:subfield>
		</marc:datafield>
		<marc:datafield tag="653" ind1=" " ind2=" ">
			<marc:subfield code="a">populærvitenskap</marc:subfield>
		</marc:datafield>
		<marc:datafield tag="653" ind1=" " ind2=" ">
			<marc:subfield code="a">potenser</marc:subfield>
		</marc:datafield>
		<marc:datafield tag="653" ind1=" " ind2=" ">
			<marc:subfield code="a">ti</marc:subfield>
		</marc:datafield>
		<marc:datafield tag="653" ind1=" " ind2=" ">
			<marc:subfield code="a">størrelse</marc:subfield>
		</marc:datafield>
		<marc:datafield tag="653" ind1=" " ind2=" ">
			<marc:subfield code="a">struktur</marc:subfield>
		</marc:datafield>
		<marc:datafield tag="653" ind1=" " ind2=" ">
			<marc:subfield code="a">relativ</marc:subfield>
		</marc:datafield>
		<marc:datafield tag="653" ind1=" " ind2=" ">
			<marc:subfield code="a">romforsking</marc:subfield>
		</marc:datafield>
		<marc:datafield tag="690" ind1=" " ind2=" ">
			<marc:subfield code="a">Kosmologi</marc:subfield>
			<marc:subfield code="9">LOCAL</marc:subfield>
			<marc:subfield code="BIBLIOTEK">yf</marc:subfield>
		</marc:datafield>
		<marc:datafield tag="690" ind1=" " ind2=" ">
			<marc:subfield code="a">Kosmologi (Filosofi)</marc:subfield>
			<marc:subfield code="9">LOCAL</marc:subfield>
			<marc:subfield code="BIBLIOTEK">tk</marc:subfield>
		</marc:datafield>
		<marc:datafield tag="700" ind1="1" ind2=" ">
			<marc:subfield code="a">Morrison, Phylis</marc:subfield>
			<marc:subfield code="0">(NO-TrBIB)x90391260</marc:subfield>
		</marc:datafield>
		<marc:datafield tag="710" ind1="2" ind2=" ">
			<marc:subfield code="a">Office of Charles and Ray Eames</marc:subfield>
			<marc:subfield code="0">(NO-TrBIB)x90391261</marc:subfield>
		</marc:datafield>
		<marc:datafield tag="901" ind1=" " ind2=" ">
			<marc:subfield code="a">80</marc:subfield>
		</marc:datafield>
	</marc:record>
	<marc:record format="MARC21" type="Holdings"  xmlns:marc="info:lc/xmlns/marcxchange-v1">
		<marc:leader>99999nx  a2299999ui 4500</marc:leader>
		<marc:controlfield tag="001">86b015784</marc:controlfield>
		<marc:controlfield tag="004">834102765</marc:controlfield>
		<marc:controlfield tag="007">ta</marc:controlfield>
		<marc:controlfield tag="008">1507120p||||||||4   uu</marc:controlfield>
		<marc:controlfield tag="009">kat</marc:controlfield>
		<marc:datafield tag="014" ind1="1" ind2=" ">
			<marc:subfield code="a">834102765</marc:subfield>
			<marc:subfield code="b">(NO-TrBIB)</marc:subfield>
		</marc:datafield>
		<marc:datafield tag="852" ind1=" " ind2=" ">
			<marc:subfield code="a">NTNU-UB</marc:subfield>
			<marc:subfield code="b">NTNU/REA</marc:subfield>
			<marc:subfield code="c">REAL mag</marc:subfield>
			<marc:subfield code="h">50 Mor</marc:subfield>
			<marc:subfield code="x">Tidligere eier: ROSENB/KF</marc:subfield>
		</marc:datafield>
		<marc:datafield tag="859" ind1=" " ind2=" ">
			<marc:subfield code="a">NTNU/REA</marc:subfield>
			<marc:subfield code="b">REAL mag</marc:subfield>
			<marc:subfield code="c">50 Mor</marc:subfield>
			<marc:subfield code="f">7</marc:subfield>
			<marc:subfield code="h">0</marc:subfield>
			<marc:subfield code="x">2015-07-12</marc:subfield>
		</marc:datafield>
		<marc:datafield tag="876" ind1=" " ind2=" ">
			<marc:subfield code="a">86b015784</marc:subfield>
			<marc:subfield code="d">19870421</marc:subfield>
			<marc:subfield code="j">kat</marc:subfield>
			<marc:subfield code="p">86b015784</marc:subfield>
		</marc:datafield>
	</marc:record>
	<marc:record format="MARC21" type="Holdings"  xmlns:marc="info:lc/xmlns/marcxchange-v1">
		<marc:leader>99999nx  a2299999ui 4500</marc:leader>
		<marc:controlfield tag="001">83d010276</marc:controlfield>
		<marc:controlfield tag="004">834102765</marc:controlfield>
		<marc:controlfield tag="007">ta</marc:controlfield>
		<marc:controlfield tag="008">1507120p||||||||4   uu</marc:controlfield>
		<marc:controlfield tag="009">kat</marc:controlfield>
		<marc:datafield tag="014" ind1="1" ind2=" ">
			<marc:subfield code="a">834102765</marc:subfield>
			<marc:subfield code="b">(NO-TrBIB)</marc:subfield>
		</marc:datafield>
		<marc:datafield tag="852" ind1=" " ind2=" ">
			<marc:subfield code="a">UBB</marc:subfield>
			<marc:subfield code="b">UBB/MN</marc:subfield>
			<marc:subfield code="c">UBBRB</marc:subfield>
			<marc:subfield code="h">500 Mor</marc:subfield>
		</marc:datafield>
		<marc:datafield tag="859" ind1=" " ind2=" ">
			<marc:subfield code="a">UBB/MN</marc:subfield>
			<marc:subfield code="b">UBBRB</marc:subfield>
			<marc:subfield code="c">500 Mor</marc:subfield>
			<marc:subfield code="f">7</marc:subfield>
			<marc:subfield code="h">0</marc:subfield>
			<marc:subfield code="x">2015-07-12</marc:subfield>
		</marc:datafield>
		<marc:datafield tag="876" ind1=" " ind2=" ">
			<marc:subfield code="a">83d010276</marc:subfield>
			<marc:subfield code="d">19840209</marc:subfield>
			<marc:subfield code="j">kat</marc:subfield>
			<marc:subfield code="p">83d010276</marc:subfield>
		</marc:datafield>
	</marc:record>
	<marc:record format="MARC21" type="Holdings"  xmlns:marc="info:lc/xmlns/marcxchange-v1">
		<marc:leader>99999nx  a2299999ui 4500</marc:leader>
		<marc:controlfield tag="001">90tk00166</marc:controlfield>
		<marc:controlfield tag="004">834102765</marc:controlfield>
		<marc:controlfield tag="007">ta</marc:controlfield>
		<marc:controlfield tag="008">1507120|||||||||4   uu</marc:controlfield>
		<marc:controlfield tag="009">mini</marc:controlfield>
		<marc:datafield tag="014" ind1="1" ind2=" ">
			<marc:subfield code="a">834102765</marc:subfield>
			<marc:subfield code="b">(NO-TrBIB)</marc:subfield>
		</marc:datafield>
		<marc:datafield tag="852" ind1=" " ind2=" ">
			<marc:subfield code="a">AHO</marc:subfield>
			<marc:subfield code="b">AHO</marc:subfield>
			<marc:subfield code="c">AHO</marc:subfield>
			<marc:subfield code="h">113/119 MOR</marc:subfield>
			<marc:subfield code="x">Ex.1-89:268</marc:subfield>
		</marc:datafield>
		<marc:datafield tag="859" ind1=" " ind2=" ">
			<marc:subfield code="a">AHO</marc:subfield>
			<marc:subfield code="b">AHO</marc:subfield>
			<marc:subfield code="c">113/119 MOR</marc:subfield>
			<marc:subfield code="f">7</marc:subfield>
			<marc:subfield code="h">0</marc:subfield>
			<marc:subfield code="x">2015-07-12</marc:subfield>
		</marc:datafield>
		<marc:datafield tag="876" ind1=" " ind2=" ">
			<marc:subfield code="a">90tk00166</marc:subfield>
			<marc:subfield code="j">mini</marc:subfield>
			<marc:subfield code="p">90tk00166</marc:subfield>
		</marc:datafield>
	</marc:record>
	<marc:record format="MARC21" type="Holdings"  xmlns:marc="info:lc/xmlns/marcxchange-v1">
		<marc:leader>99999nx  a2299999ui 4500</marc:leader>
		<marc:controlfield tag="001">84a007320</marc:controlfield>
		<marc:controlfield tag="004">834102765</marc:controlfield>
		<marc:controlfield tag="007">ta</marc:controlfield>
		<marc:controlfield tag="008">1507120p||||||||4   uu</marc:controlfield>
		<marc:controlfield tag="009">kat</marc:controlfield>
		<marc:datafield tag="014" ind1="1" ind2=" ">
			<marc:subfield code="a">834102765</marc:subfield>
			<marc:subfield code="b">(NO-TrBIB)</marc:subfield>
		</marc:datafield>
		<marc:datafield tag="852" ind1=" " ind2=" ">
			<marc:subfield code="a">NTNU-UB</marc:subfield>
			<marc:subfield code="b">NTNU/DOR</marc:subfield>
			<marc:subfield code="c">DORA m</marc:subfield>
			<marc:subfield code="h">524.8 M83p</marc:subfield>
		</marc:datafield>
		<marc:datafield tag="859" ind1=" " ind2=" ">
			<marc:subfield code="a">NTNU/DOR</marc:subfield>
			<marc:subfield code="b">DORA m</marc:subfield>
			<marc:subfield code="c">524.8 M83p</marc:subfield>
			<marc:subfield code="f">7</marc:subfield>
			<marc:subfield code="h">0</marc:subfield>
			<marc:subfield code="x">2015-07-12</marc:subfield>
		</marc:datafield>
		<marc:datafield tag="876" ind1=" " ind2=" ">
			<marc:subfield code="a">84a007320</marc:subfield>
			<marc:subfield code="d">19840425</marc:subfield>
			<marc:subfield code="j">kat</marc:subfield>
			<marc:subfield code="p">84a007320</marc:subfield>
		</marc:datafield>
	</marc:record>
	<marc:record format="MARC21" type="Holdings"  xmlns:marc="info:lc/xmlns/marcxchange-v1">
		<marc:leader>99999nx  a2299999ui 4500</marc:leader>
		<marc:controlfield tag="001">95yf01206</marc:controlfield>
		<marc:controlfield tag="004">834102765</marc:controlfield>
		<marc:controlfield tag="007">ta</marc:controlfield>
		<marc:controlfield tag="008">1507120|||||||||4   uu</marc:controlfield>
		<marc:controlfield tag="009">kat</marc:controlfield>
		<marc:datafield tag="014" ind1="1" ind2=" ">
			<marc:subfield code="a">834102765</marc:subfield>
			<marc:subfield code="b">(NO-TrBIB)</marc:subfield>
		</marc:datafield>
		<marc:datafield tag="852" ind1=" " ind2=" ">
			<marc:subfield code="a">FFI-BIBL</marc:subfield>
			<marc:subfield code="b">FFI</marc:subfield>
			<marc:subfield code="c">FFI</marc:subfield>
			<marc:subfield code="h">524.8</marc:subfield>
		</marc:datafield>
		<marc:datafield tag="859" ind1=" " ind2=" ">
			<marc:subfield code="a">FFI</marc:subfield>
			<marc:subfield code="b">FFI</marc:subfield>
			<marc:subfield code="c">524.8</marc:subfield>
			<marc:subfield code="f">7</marc:subfield>
			<marc:subfield code="h">4</marc:subfield>
			<marc:subfield code="x">2015-07-12</marc:subfield>
		</marc:datafield>
		<marc:datafield tag="876" ind1=" " ind2=" ">
			<marc:subfield code="a">95yf01206</marc:subfield>
			<marc:subfield code="j">kat</marc:subfield>
			<marc:subfield code="p">95yf01206</marc:subfield>
		</marc:datafield>
	</marc:record>
	<marc:record format="MARC21" type="Holdings"  xmlns:marc="info:lc/xmlns/marcxchange-v1">
		<marc:leader>99999nx  a2299999ui 4500</marc:leader>
		<marc:controlfield tag="001">90ns00480</marc:controlfield>
		<marc:controlfield tag="004">834102765</marc:controlfield>
		<marc:controlfield tag="007">ta</marc:controlfield>
		<marc:controlfield tag="008">1507120p||||||||4   uu</marc:controlfield>
		<marc:controlfield tag="009">kat</marc:controlfield>
		<marc:datafield tag="014" ind1="1" ind2=" ">
			<marc:subfield code="a">834102765</marc:subfield>
			<marc:subfield code="b">(NO-TrBIB)</marc:subfield>
		</marc:datafield>
		<marc:datafield tag="852" ind1=" " ind2=" ">
			<marc:subfield code="a">UBO</marc:subfield>
			<marc:subfield code="b">UREAL</marc:subfield>
			<marc:subfield code="c">UREAL Samling 42</marc:subfield>
			<marc:subfield code="h">FA 1233</marc:subfield>
		</marc:datafield>
		<marc:datafield tag="859" ind1=" " ind2=" ">
			<marc:subfield code="a">UREAL</marc:subfield>
			<marc:subfield code="b">UREAL Samling 42</marc:subfield>
			<marc:subfield code="c">FA 1233</marc:subfield>
			<marc:subfield code="f">7</marc:subfield>
			<marc:subfield code="h">0</marc:subfield>
			<marc:subfield code="x">2015-07-12</marc:subfield>
		</marc:datafield>
		<marc:datafield tag="876" ind1=" " ind2=" ">
			<marc:subfield code="a">90ns00480</marc:subfield>
			<marc:subfield code="d">19901022</marc:subfield>
			<marc:subfield code="j">kat</marc:subfield>
			<marc:subfield code="p">90ns00480</marc:subfield>
		</marc:datafield>
	</marc:record>
	<marc:record format="MARC21" type="Holdings"  xmlns:marc="info:lc/xmlns/marcxchange-v1">
		<marc:leader>99999nx  a2299999ui 4500</marc:leader>
		<marc:controlfield tag="001">14xc18705</marc:controlfield>
		<marc:controlfield tag="004">834102765</marc:controlfield>
		<marc:controlfield tag="007">ta</marc:controlfield>
		<marc:controlfield tag="008">1507120|||||||||4   uu</marc:controlfield>
		<marc:controlfield tag="009">kat</marc:controlfield>
		<marc:datafield tag="014" ind1="1" ind2=" ">
			<marc:subfield code="a">834102765</marc:subfield>
			<marc:subfield code="b">(NO-TrBIB)</marc:subfield>
		</marc:datafield>
		<marc:datafield tag="852" ind1=" " ind2=" ">
			<marc:subfield code="a">HIB</marc:subfield>
			<marc:subfield code="b">HIB</marc:subfield>
			<marc:subfield code="c">HiB Populærvit</marc:subfield>
			<marc:subfield code="h">523.1 Mor</marc:subfield>
		</marc:datafield>
		<marc:datafield tag="859" ind1=" " ind2=" ">
			<marc:subfield code="a">HIB</marc:subfield>
			<marc:subfield code="b">HiB Populærvit</marc:subfield>
			<marc:subfield code="c">523.1 Mor</marc:subfield>
			<marc:subfield code="f">7</marc:subfield>
			<marc:subfield code="h">0</marc:subfield>
			<marc:subfield code="x">2015-07-12</marc:subfield>
		</marc:datafield>
		<marc:datafield tag="876" ind1=" " ind2=" ">
			<marc:subfield code="a">14xc18705</marc:subfield>
			<marc:subfield code="j">kat</marc:subfield>
			<marc:subfield code="p">14xc18705</marc:subfield>
		</marc:datafield>
	</marc:record>
</marc:collection></metadata>
</record>